@article{doi:10.1108/eb026647,
    author = {S.E. ROBERTSON},
    title = {THE PROBABILITY RANKING PRINCIPLE IN IR},
    journal = {Journal of Documentation},
    volume = {33},
    number = {4},
    pages = {294-304},
    year = {1977},
    doi = {10.1108/eb026647},
    URL = {https://doi.org/10.1108/eb026647},
    eprint = {https://doi.org/10.1108/eb026647}
}