% THIS LIST PRESENTS STANDARDIZED NAMES FOR PROCEEDINGS AND JOURNALS.
% IT DOES NOT, IN ANY WAY, LIMIT THE REFERENCES TO VENUES ON THIS LIST.
% IT IS MERE A SUGGESTION ON HOW TO WRITE THE VENUES IN THE BIB FILES,
%   SO THAT JIDM KEEPS A MINIMUM OF CONSISTENCY AMONG CITATIONS
% SEPT.3rd.2010

@STRING{aaai = {Proceedings of the National Conference on Artificial Intelligence}}

@STRING{acmgis = {Proceedings of the ACM International Symposium on Advances in Geographic Information Systems}}

@STRING{adbis = {Proceedings of the Symposium on Advances in Databases and Information Systems}}

@STRING{ai = {Artificial Inteligence}}

@STRING{cacm = {Communications of the ACM}}

@STRING{cikm = {Proceedings of the International Conference on Information and Knowledge Engineering}}

@STRING{computer = {IEEE Computer}}

@STRING{computernetw = {Computer Networks}}

@STRING{computingsurveys = {ACM Computing Surveys}}

@STRING{dasfaa = {Proceedings of the International Conference on Database Systems for Advanced Applications}}

@STRING{dawak = {Proceedings of the Data Warehousing and Knowledge Discovery}}

@STRING{dcc = {Proceedings of the Data Compression Conference}}

@STRING{dexa = {Proceedings of the International Conference on Database and Expert Systems Applications}}

@STRING{dke = {Data \& Knowledge Engineeering}}

@STRING{doceng = {Proceedings of the ACM Symposium on Document Engineering}}

@STRING{dood = {Proceedings of the International Conference Deductive and Object-Oriented Databases}}

@STRING{dpd = {Distributed and Parallel Databases}}

@STRING{ecdl = {Proceedings of the European Conference on Research and Advanced Technology for Digital Libraries}}





@STRING{ecir = {Proceedings of the European Conference on Information Retrieval}}

@STRING{edbt = {Proceedings of the International Conference on Extending Database Technology}}

@STRING{eextt = {Proceedings of the VLDB Workshop on Efficiency and Effectiveness of XML Tools, and Techniques}}

@STRING{er = {Proceedings of the International Conference on Conceptual Modeling}}

@STRING{fse = {Proceedings of the ACM SIGSOFT Conference on the Foundations of Software Engineering}}

@STRING{geoinfo = {Proceedings of the Brazilian Symposium on GeoInformatics}}

@STRING{icde = {Proceedings of the IEEE International Conference on Data Engineering}}
@STRING{cvpr = {Proceedings of the IEEE Conference on Computer Vision and Pattern Recognition}}


@STRING{icdebulletin = {IEEE Data Engineering Bulletin}}

@STRING{icdt = {Proceedings of the International Conference on Database Theory}}

@STRING{icdm = {Proceedings of the IEEE International Conference on Data Mining}}

@STRING{icml = {Proceedings of the International Conference on Machine Learning}}

@STRING{infosys = {Information Systems}}

@STRING{ipm = {Information Processing and Management}}

@STRING{jbcs = {Journal of the Brazilian Computer Society}}

@STRING{jcdl = {Proceedings of the ACM IEEE Joint Conference on Digital Libraries}}

@STRING{jep = {Journal of Electronic Publishing}}

@STRING{jidm = {Journal of Information and Data Management}}

@STRING{jiis = {Journal of Intelligent Information Systems}}

@STRING{jucs = {Journal of Universal Computer Science}}

@STRING{kdd = {Proceedings of the ACM SIGKDD International Conference on Knowledge Discovery and Data Mining}}

@STRING{iccv = {Proceedings  of the International Conference on Computer Vision}}


@STRING{mobilesearch = {Proceedings of the WWW Workshop on Mobile Search}}

@STRING{odbase = {Proceedings of the International Conference on Ontologies, Databases and Applications of Semantics}}

@STRING{oopsla = {Proceedings of the Annual ACM Conference on Object-Oriented Programing Systems, Languages and Applications}}

@STRING{pkdd = {Proceedings of the European Conference on Principles and Practice of Knowledge Discovery in Databases}}

@STRING{pods = {Proceedings of the ACM Symposium on Principles of Database Systems}}

@STRING{pvldb = {Proceedings of the VLDB Endowment}}

@STRING{sac = {Proceedings of the ACM Symposium on Applied Computing}}

@STRING{sbbd = {Proceedings of the Brazilian Symposium on Databases}}

@STRING{seke = {Proceedings of the International Conference on Software Engineering and Knowledge Engineering}}

@STRING{sigir = {Proceedings of the International ACM SIGIR Conference on Research \& Development of Information Retrieval}}

@STRING{sigmod = {Proceedings of the ACM SIGMOD International Conference on Management of Data Conference}}

@STRING{sigmodrecord = {SIGMOD Record}}

@STRING{ssdbm = {Proceedings of the International Conference on Scientific and Statistical Databases Management}}

@STRING{sstd = {Proceedings of the Internationa Symposium on Spatial and Temporal Databases}}

@STRING{time = {Proceedings of the International Symposium on Temporal Representation and Reasoning}}

@STRING{tkdd = {ACM Transactions on Knowledge Discovery from Data}}

@STRING{tkde = {IEEE Transactions on Knowledge and Data Engineering}}

@STRING{tods = {ACM Transactions on Database Systems }}

@STRING{tois = {ACM Transactions on Information Systems}}

@STRING{tse = {Transactions on Software Engineering}}

@STRING{uai = {Proceedings of the Conference in Uncertainty in Artificial Intelligence}}

@STRING{vldb = {Proceedings of the International Conference on Very Large Data Bases}}

@STRING{vldbj = {The VLDB Journal}}

@STRING{webdb = {Proceedings of the Workshop on Web and Databases}}

@STRING{webmedia = {Proceedings of the Brazilian Symposium on Multimedia and the Web}}

@STRING{www = {Proceedings of the International World Wide Web Conferences}}

@STRING{wwwposter = {Proceedings of the International World Wide Web Conferences, Poster session}}

@STRING{xsym = {Proceedings of XML Database Symposium}}

@STRING{icfdoa = {Proceedings of the 4th International Conference on Foundations of Data Organization and Algorithms}}

@STRING{ecml = {European Conference on Machine Learning}}


@article{lshtutorial,
 author = {M. Slaney and M. Casey},
 title = {{Locality-Sensitive Hashing for Finding Nearest Neighbors}},
 journal = {IEEE Signal Processing Magazine},
 year = {2008},
 pages = {128-131},
 volume = {25},
 number = {1}
}


@INPROCEEDINGS{DBMTree,
  author = {Marcos R. Vieira and C. Traina Jr. and Fabio Jun Takada Chino
  and Agma J. M. Traina},
  title = {{DBM-Tree: A Dynamic Metric Access Method Sensitive to Local Density Data}},
  booktitle = sbbd,
  year = {2004},
  pages = {163-177},
  address = {Bras\'{\i}lia, Brasil}
}

@inproceedings{iSAX,
 author = {Shieh, Jin and Keogh, Eamonn},
 title = {{iSAX: indexing and mining terabyte sized time series}},
 booktitle = kdd,
 year = {2008},
 pages = {623--631},
 address = {New York, NY, USA},
 }



@inproceedings{pmtree,
  author    = {Tom{\'a}s Skopal and
               Jaroslav Pokorn{\'y} and
               V{\'a}clav Sn{\'a}sel},
  title     = {{Nearest Neighbours Search Using the PM-Tree}},
  booktitle = {In Proceedings of Database Systems for Advanced Applications},
  year      = {2005},
  pages     = {803-815},
  address   =  {Beijing, China}
}


@inproceedings{cite:curves-curves1,
    author = {J. Shepherd and X. Zhu and N. Megiddo},
    title = {{A Fast Indexing Method for Multidimensional Nearest Neighbor Search}},
    year = {1999},
    address =  {San Jose, California, USA},
    pages = {350--355},
    booktitle = {Proceedings of  SPIE - Conference on Storage and Retrieval for Image and Video Databases}
}


@inproceedings{rplustree,
 author = {Sellis, Timos K. and Roussopoulos, Nick and Faloutsos, Christos},
 title = {{The R+-Tree: A Dynamic Index for Multi-Dimensional Objects}},
 booktitle = vldb,
 year = {1987},
 pages = {507--518},
 address = {San Francisco, CA, USA},
}

@inproceedings{mueen09exact,
    author = {Mueen, Abdullah and Keogh, Eamonn J. and Zhu, Qiang and Cash, Sydney and Westover, Brandon},
    booktitle = icdm,
    pages = {473--484},
    address = {Sparks, NV, USA},
    title = {{Exact Discovery of Time Series Motifs}},
    year = {2009},
}

@inproceedings{cit:vpt,
 author = {Peter N. Yianilos},
 title = {{Data structures and algorithms for nearest neighbor search in general metric spaces}},
 booktitle = {Proceedings - Annual Symposium on Discrete Algorithms},
 year = {1993},
 pages = {311--321},
 address = {Philadelphia, PA, USA},
 }

@inproceedings{Yankov:2007:DTS:1281192,
 author = {Yankov, Dragomir and Keogh, Eamonn and Medina, Jose and Chiu, Bill and Zordan, Victor},
 title = {{Detecting time series motifs under uniform scaling}},
 booktitle = kdd,
 year = {2007},
 pages = {844--853},
 address = {New York, NY, USA},
}


@inproceedings{DBLP:journals/corr/abs-0906-0391,
 author = {Volnyansky, Ilya and Pestov, Vladimir},
 title = {{Curse of Dimensionality in Pivot Based Indexes}},
 booktitle = {Proceedings of the International Workshop on Similarity Search and Applications},
 year = {2009},
 numpages = {8},
 address = {Washington, DC, USA},
}


@inproceedings{citeulike:3978028,
 author = {Minnen, David and Isbell, Charles and Essa, Irfan and Starner, Thad},
 title = {{Detecting Subdimensional Motifs: An Efficient Algorithm for Generalized Multivariate Pattern Discovery}},
 booktitle = icdm,
 year = {2007},
 pages = {601--606},
 address = {Washington, DC, USA},
}

@inproceedings{Lin02findingmotifs,
    author = {Lin, Jessica and Keogh, Eamonn J. and Lonardi, Stefano and Patel, Pranav},
    title = {{Finding Motifs in Time Series}},
    booktitle = {Proceedings of the International Conference on Knowledge Discovery and Data Mining},
    year = {2002},
    pages = {53--68},
    address = {Edmonton, Alberta, Canada},
}


@inproceedings{Lin:2003:SRT:882082.882086,
 author = {Lin, Jessica and Keogh, Eamonn and Lonardi, Stefano and Chiu, Bill},
 title = {{A symbolic representation of time series, with implications for streaming algorithms}},
 booktitle = {Proceedings of the ACM SIGMOD workshop on Research issues in data mining and knowledge discovery},
 year = {2003},
 pages = {2--11},
 address = {New York, NY, USA},
}

 @inproceedings{cite:curves-curves2,
 author = {Liao, Swanwa and Lopez, Mario A. and Leutenegger, Scott T.},
 title = {{High Dimensional Similarity Search With Space Filling Curves}},
 booktitle = icde,
 year = {2001},
 pages = {615--622},
 address = {Washington, DC, USA},
 }

@inproceedings{KeoghIndDTW,
 author = {Keogh, Eamonn},
 title = {{Exact indexing of dynamic time warping}},
 booktitle = vldb,
 year = {2002},
 pages = {406--417},
 address = {Hong Kong, China},
 }

@inproceedings{ETSICDE99,
 author = {Kin-pong Chan and Ada Wai-chee Fu},
 title = {{Efficient Time Series Matching by Wavelets}},
 booktitle = icde,
 year = {1999},
 pages = {126-130},
 address = {Washington, DC, USA},
}



@inproceedings{lsh_hamming,
 author = {Aristides Gionis and Piotr Indyk and Rajeev Motwani},
 title = {{Similarity Search in High Dimensions via Hashing}},
 booktitle = vldb,
 year = {1999},
 pages = {518--529},
 address = {San Francisco, CA, USA},
 }


@inproceedings{hrg,
  author    = {Alexander Ocsa and
               Carlos Bedregal and
               Ernesto Cuadros-Vargas},
  title     = {{A new approach for similarity queries using neighborhood graphs}},
  booktitle = sbbd,
  year      = {2007},
  pages     = {131-142},
  address   = {Jo{\~a}o Pessoa, Para\'{\i}ba, Brasil}
}

@inproceedings{cite:curves-faloutsos,
 author = {Faloutsos, C. and Roseman, S.},
 title = {{Fractals for secondary key retrieval}},
 booktitle = pods,
 year = {1989},
 pages = {247--252},
 address = {New York, NY, USA},
 }


@inproceedings{GEMINI_Faloutsos,
 author = {Faloutsos,, Christos and Ranganathan,, M. and Manolopoulos,, Yannis},
 title = {{Fast subsequence matching in time-series databases}},
 booktitle = sigmod,
 year = {1994},
 pages = {419--429},
 address = {New York, NY, USA},
 }


@inproceedings{Datar2004,
 author = {Datar, Mayur and Immorlica, Nicole and Indyk, Piotr and Mirrokni, Vahab S.},
 title = {{Locality-sensitive hashing scheme based on p-stable distributions}},
 booktitle = {Proceedings of the annual symposium on computational geometry},
 year = {2004},
 pages = {253--262},
 address = {New York, NY, USA},
 }


@INPROCEEDINGS{MTree,
  author = {Paolo Ciaccia and Marco Patella and Pavel Zezula},
  title = {{M-tree: An Efficient Access Method for Similarity Search in Metric
  Spaces}},
  booktitle = vldb,
  year = {1997},
  pages = {426--435},
  address = {San Francisco, CA, USA},
}


@inproceedings{Chiu:2003:PDT:956750,
 author = {Chiu, Bill and Keogh, Eamonn and Lonardi, Stefano},
 title = {{Probabilistic discovery of time series motifs}},
 booktitle = kdd,
 year = {2003},
 pages = {493--498},
 address = {New York, NY, USA},
}


@inproceedings{Buhler:2001:FMU:369133.369172,
 author = {Buhler, Jeremy and Tompa, Martin},
 title = {{Finding motifs using random projections}},
 booktitle = {Proceedings of the annual international conference on Computational biology},
 year = {2001},
 pages = {69--76},
 address = {New York, NY, USA},
}


@inproceedings{DBLP:conf/kdd/BerndtC94,
    title = {{Using Dynamic Time Warping to Find Patterns in Time Series}},
    author = {Berndt, Donald J. and Clifford, James},
    booktitle = {Proceedings of KDD: AAAI Workshop on Knowledge Discovery in Databases},
    pages = {359--370},
    year = {1994},
    address = {Seattle, Washington, USA},
}


@inproceedings{xtree,
 author = {Stefan Berchtold and Daniel A. Keim and Hans-Peter Kriegel},
 title = {{The X-tree: An Index Structure for High-Dimensional Data}},
 booktitle = vldb,
 year = {1996},
 pages = {28--39},
 address = {San Francisco, CA, USA},
 }

@inproceedings{Agrawal:1993:ESS:645415.652239,
 author = {Agrawal, Rakesh and Faloutsos, Christos and Swami, Arun N.},
 title = {{Efficient Similarity Search In Sequence Databases}},
 booktitle = icfdoa,
 year = {1993},
 pages = {69--84},
 address = {London, UK},
}


@inproceedings{TSTREE,
 author = {Assent, Ira and Krieger, Ralph and Afschari, Farzad and Seidl, Thomas},
 title = {{The TS-tree: efficient time series search and retrieval}},
 booktitle = edbt,
 year = {2008},
 pages = {252--263},
 address = {New York, NY, USA},
}



@inproceedings{multiprobe,
 author = {Lv, Qin and Josephson, William and Wang, Zhe and Charikar, Moses and Li, Kai},
 title = {{Multi-probe LSH: efficient indexing for high-dimensional similarity search}},
 booktitle = vldb,
 year = {2007},
 pages = {950--961},
 address = {Vienna, Austria},
 }


@inproceedings{dftree,
 author = {Traina,Jr., Caetano and Traina, Agma and Filho, Roberto Santos and Faloutsos, Christos},
 title = {{How to improve the pruning ability of dynamic metric access methods}},
 booktitle = cikm,
 year = {2002},
 pages = {219--226},
 address = {New York, NY, USA},
}

 @article{DBLP:journals/jidm/OcsaS10,
  author    = {Alexander Ocsa and Elaine P. M. Sousa},
  title     = {{An Adaptive Multi-level Hashing Structure for Fast Approximate
               Similarity Search}},
  journal   = jidm,
  volume    = {1},
  number    = {3},
  year      = {2010},
  pages     = {359-374},
}

@article{KeoghIndMTS,
 author = {Vlachos, Michail and Hadjieleftheriou, Marios and Gunopulos, Dimitrios and Keogh, Eamonn},
 title = {{Indexing Multidimensional Time-Series}},
 journal = vldbj,
 volume = {15},
 number = {1},
 year = {2006},
 pages = {1--20},
 }


@article{cit:tspanners02,
 author = {Navarro, Gonzalo and Paredes, Rodrigo and Ch\'{a}vez, Edgar},
 title = {{t-Spanners for metric space searching}},
 journal = {Data and Knowledge Engineering},
 volume = {63},
 issue = {3},
 year = {2007},
 pages = {820--854},
}


@ARTICLE{SATree,
  author = {Gonzalo Navarro},
  title = {{Searching in metric spaces by spatial approximation}},
  journal = vldbj,
  year = {2002},
  volume = {11},
  pages = {28--46},
  number = {1},
}

@article {SAX,
   author = {Lin, Jessica and Keogh, Eamonn and Wei, Li and Lonardi, Stefano},
   title = {{Experiencing SAX: a novel symbolic representation of time series}},
   journal = {Data Mining and Knowledge Discovery},
   pages = {107-144},
   volume = {15},
   number = {2},
   year = {2007}
}

@article{Korn:1997:ESA:253262.253332,
 author = {Korn, Flip and Jagadish, H. V. and Faloutsos, Christos},
 title = {{Efficiently supporting ad hoc queries in large datasets of time sequences}},
 journal = sigmodrecord,
 volume = {26},
 number = {2},
 year = {1997},
 pages = {289--300},
}

@article{DBLP:journals/jidm/TrainaTF10,
  author    = {Traina,Jr., Caetano and
               Agma J. M. Traina and
               Christos Faloutsos},
  title     = {{Fast Feature Selection using Fractal Dimension - Ten Years
               Later}},
  journal   = jidm,
  volume    = {1},
  number    = {1},
  year      = {2010},
  pages     = {17-20},
}

 @article{cit:indexDriven,
 author = {Hjaltason, Gisli R. and Samet, Hanan},
 title = {{Index-driven similarity search in metric spaces}},
 journal = tods,
 volume = {28},
 number = {4},
 year = {2003},
 pages = {517--580},
 }


@article{LSHClustering1,
 author = {Hisashi Koga ,Tetsuo Ishibashi, Toshinori Watanabe},
 title = {{Fast Hierarchical Clustering Algorithm Using Locality-Sensitive Hashing}},
 journal = {Discovery Science},
 volume = {12},
 number = {1},
 year = {2004},
 pages = {155-182}
 }

@article{LSHClustering2,
 author = {Hisashi Koga, Tetsuo Ishibashi, Toshinori Watanabe},
 title = {{Fast agglomerative hierarchical clustering algorithm using Locality-Sensitive Hashing}},
 journal = {Knowledge and Information Systems},
 volume = {12},
 number = {1},
 year = {2007},
 issn = {0362-5915},
 pages = {25-53}
}


 @article{ScalingTimeSeriesQuerying,
 author = {Fu, Ada Wai-Chee and Keogh, Eamonn and Lau, Leo Yung and Ratanamahatana, Chotirat Ann and Wong, Raymond Chi-Wing},
 title = {{Scaling and time warping in time series querying}},
 journal = vldbj,
 volume = {17},
 number = {4},
 year = {2008},
 pages = {899--921},
 }

@ARTICLE{Gaede98multidimensional,
 author  = {Volker Gaede and Oliver Gunther},
 title   = {{Multidimensional Access Methods}},
 year    = {1998},
 journal = computingsurveys,
 volume  = {30},
 number  = {2},
 pages   = {170--231},
}

@article{SlimTree,
 author = { Traina C., Jr. and Agma Traina and Christos Faloutsos and Bernhard Seeger},
 title = {{Fast Indexing and Visualization of Metric Data Sets using Slim-Trees}},
 journal = tkde,
 volume = {14},
 number = {2},
 year = {2002},
 pages = {244--260},
 }


@article{taoLSBLSH,
 author = {Tao, Yufei and Yi, Ke and Sheng, Cheng and Kalnis, Panos},
 title = {{Efficient and accurate nearest neighbor and closest pair search in high-dimensional space}},
 journal = tods,
 volume = {35},
 number = {3},
 year = {2010},
 pages = {1--46},
 }

@article{Ding:2008:QMT:1454159.1454226,
 author = {Ding, Hui and Trajcevski, Goce and Scheuermann, Peter and Wang, Xiaoyue and Keogh, Eamonn},
 title = {{Querying and mining of time series data: experimental comparison of representations and distance measures}},
 journal = pvldb,
 volume = {1},
 number = {2},
 year = {2008},
 pages = {1542--1552},
}

@article{cite:graycodes,
 author = {Faloutsos, Christos},
 title = {{Multiattribute hashing using Gray codes}},
 journal = sigmodrecord,
 volume = {15},
 number = {2},
 year = {1986},
 pages = {227--238},
}


@ARTICLE{cit:avez99searching,
  author = {Edgar Ch\'{a}vez and Gonzalo Navarro and Ricardo Baeza-Yates and
  Jos\'{e} Luis Marroqu\'{\i}n},
  title = {{Searching in metric spaces}},
  journal = computingsurveys,
  year = {2001},
  volume = {33},
  pages = {273--321},
  number = {3},
}

@article{KeoghSigmod2001,
 author = {Keogh, Eamonn and Chakrabarti, Kaushik and Pazzani, Michael and Mehrotra, Sharad},
 title = {{Locally adaptive dimensionality reduction for indexing large time series databases}},
 journal = sigmodrecord,
 volume = {30},
 number = {2},
 year = {2001},
 pages = {151--162},
}


@inproceedings{WhatsWrong,
  author = {Stephen Blott and Roger Weber},
  title = {What's Wrong with High-Dimensional Similarity Search},
  booktitle = vldb,
  year = {2008},
  address = {Aukland, New Zealand},
  pages = {3--3}
 }

@article{aleman_high_dimensional,
 author = {Christian B\"{o}hm and Stefan Berchtold and Daniel A. Keim},
 title = {{Searching in high-dimensional spaces: Index structures for improving the performance of multimedia databases}},
 journal = computingsurveys,
 volume = {33},
 number = {3},
 year = {2001},
 pages = {322--373},
}


@article{hashing_algoritghms_survey,
 author = {Alexandr Andoni and Piotr Indyk},
 title = {{Near-optimal hashing algorithms for approximate nearest neighbor in high dimensions}},
 journal = cacm,
 volume = {51},
 number = {1},
 year = {2008},
 pages = {117--122},
}

@article{rstartree,
 author = {Norbert Beckmann and Hans-Peter Kriegel and Ralf Schneider and Bernhard Seeger},
 title = {{The R*-tree: an efficient and robust access method for points and rectangles}},
 journal = sigmodrecord,
 volume = {19},
 number = {2},
 year = {1990},
 pages = {322--331},
}

@article{kdt,
 author    = {Jon Louis Bentley},
 title     = {{Multidimensional Binary Search Trees in Database Applications.}},
 journal   = tse,
 volume    = {5},
 number    = {4},
 year      = {1979},
 pages     = {333-340},

}

@inbook{citeulike:Bellman,
    author = {Bellman, Richard E.},
    chapter = {(A RAND Corporation Research Study)},
    pages = {255-260},
    title = {Adaptive control processes - A guided tour},
    publisher = {Princeton University Press},
    year = {1961},
    volume = {1961},
}

@inbook{cit:clarkson_nn_survey,
   title = {{Nearest-Neighbor Methods for Learning and Vision: Theory and Practice}},
   chapter = {{Nearest-Neighbor Searching and Metric Space Dimensions}},
   publisher = {MIT Press},
   year = {2006},
   pages = {15--59},
   author = {Kenneth L. Clarkson}
}


@book{citeulike:spaceFillingCurves,
    title = {{Space-Filling Curves}},
    publisher = {Springer-Verlag},
    year = {1994},
    author = {Sagan, Hans},
    address = {New York},
    isbn = {0-387-94265-3}
}

@book{Tan:2005:IDM:1095618,
 author = {Tan, Pang-Ning and Steinbach, Michael and Kumar, Vipin},
 title = {{Introduction to Data Mining, (First Edition)}},
 year = {2005},
 isbn = {0321321367},
 publisher = {Addison-Wesley Longman Publishing Co., Inc.},
 address = {Boston, MA, USA},
}



@article{NNinLearningandVision,
 author = {Liu, Ting and Moore, Andrew W. and Gray, Alexander},
 title = {New Algorithms for Efficient High-Dimensional Nonparametric Classification},
 journal = {Journal of Machine Learning Research},
 volume = {7},
 year = {2006},
 issn = {1532-4435},
 pages = {1135--1158},
 publisher = {JMLR.org},
}


@inproceedings {springerlink:metwally,
   author = {Metwally, Ahmed and Agrawal, Divyakant and Abbadi, Amr},
   title = {{Efficient Computation of Frequent and Top-k Elements in Data Streams}},
   booktitle = icdt,
   pages = {398-412},
   volume = {3363},
   year = {2005}
}




@article{KeoghTutorial,
 author =       {Eamonn Keogh },
 title =        {{Data Mining and Machine Learning in Time Series Databases (Tutorial)}},
 booktitle = ecml,
 year =         {2003},
 address = {Cavtat-Dubrovnik, Croatia}
}

@PhdThesis{Val08a,
  author       = "Valle, Eduardo.",
  title        = "Local descriptor matching for image identification systems",
  school       = "Universit� de Cergy-Pontoise",
  year         = "2008",
  type         = "PhD thesis",
  address = "France"
}



@inproceedings{MrMotif,
  title={{Multiresolution Motif Discovery in Time Series}},
  author={Castro, N. and Azevedo, P.},
  booktitle={Proceedings of the SIAM International Conference on Data Mining},
  address = {Columbus, Ohio, USA},
  year={2010},
  pages={665--676}
}



@proceedings{citeulike:3978028,
    title = {{Detecting Subdimensional Motifs: An Efficient Algorithm for Generalized Multivariate Pattern Discovery}},
    author = {Minnen, D. and Isbell, C. and Essa, M. and Starner, T.},
    booktitle = icdm,
    address = {Omaha NE, USA},
    pages = {601--606},
    year = {2007}
}


@article{GPGPU-Survey,
    address = {University of California},
    author = {Owens J.,, Luebke D.,,  Govindaraju N.,, Harris M.,,  KrugerJ.,, Lefohn  A.E.,, and  Purcell},
    journal = {Computer Graphics Forum},
    number = {1},
    pages = {80--113},
    publisher = {Blackwell Publishing Ltd},
    title = {{A Survey of General-Purpose Computation on Graphics Hardware}},
    volume = {26},
    year = {2007}
}



@inbook{cudaBook,
 author = {Kirk and W. Hwu},
 chapter = {{CUDA Threads}},
 pages = {59-74},
 title = {{Programming Massively Parallel Processors: A Hands-on Approach}},
 year = {2010},
 publisher = {Elsevier Inc.}
}

 @inbook{LSHBook,
 chapter = {{Locality-Sensitive Hashing Using Stable Distributions}},
 pages = {55--67},
 author = {Shakhnarovich, Gregory and Darrell, Trevor and Indyk, Piotr},
 title = {{Nearest-Neighbor Methods in Learning and Vision: Theory and Practice}},
 year = {2006},
 publisher = {The MIT Press},
}

@INPROCEEDINGS{lshhashfile,
author={Dongxiang Zhang and Agrawal, D. and Gang Chen and Tung, A.K.H.},
title={{HashFile: An efficient index structure for multimedia data}},
booktitle= icde,
year={2011},
pages={1103 -1114},
address={Hannover, Germany}
}

@inproceedings{lsh,
 author = {Datar, Mayur and Immorlica, Nicole and Indyk, Piotr and Mirrokni, Vahab S.},
 title = {Locality-sensitive hashing scheme based on p-stable distributions},
 booktitle = {Proceedings of the Twentieth annual Symposium on Computational Geometry},
 year = {2004},
 pages = {253--262},
 address = {Brooklyn, New York, USA}
 }
 @inproceedings{modelinglsh,
 author = {Dong, Wei and Wang, Zhe and Josephson, William and Charikar, Moses and Li, Kai},
 title = {Modeling {L}{S}{H} for performance tuning},
 booktitle = cikm,
 year = {2008},
 pages = {669--678},
 address = {Napa Valley, California, USA}
}
 @inproceedings{lshforest,
 author = {Bawa, Mayank and Condie, Tyson and Ganesan, Prasanna},
 title = {{L}{S}{H} forest: self-tuning indexes for similarity search},
 booktitle = {Proceedings of the 14th international conference on World Wide Web},
 year = {2005},
 pages = {651--660},
 address = {Chiba, Japan}
 }

@inproceedings{Indyk:1998:ANN:276698.276876,
 author = {Indyk, Piotr and Motwani, Rajeev},
 title = {Approximate nearest neighbors: towards removing the curse of dimensionality},
 booktitle = {Proceedings of the thirtieth annual ACM symposium on Theory of computing},
 year = {1998},
 location = {Dallas, Texas, United States},
 pages = {604--613},
 address = {New York, NY, USA},
}

%%%%%%%%  hereinafter revisar %%%%%%%%%%%%%%%
@INPROCEEDINGS{kNNUsingCUDA,
author={Garcia, V. and Debreuve, E. and Barlaud, M.},
booktitle= cvpr,
title={{Fast k nearest neighbor search using GPU}},
year={2008},
pages={1 -6},
address = {Anchorage, UK, USA}
}

@article{Zhou:2008:RKC:1409060.1409079,
 author = {Zhou, Kun and Hou, Qiming and Wang, Rui and Guo, Baining},
 title = {Real-time KD-tree construction on graphics hardware},
 journal = {ACM Transactions on Graphics},
 volume = {27},
 number = {5},
 year = {2008},
 pages = {126:1--126:11},
 }

@INPROCEEDINGS{Wu:2009:CBD:1531666.1531668,
 author = {Wu, Ren and Zhang, Bin and Hsu, Meichun},
 title = {{Clustering billions of data points using GPUs}},
 booktitle = {Proceedings of the combined workshops on UnConventional high performance computing workshop plus memory access workshop},
 year = {2009},
 pages = {1--6},
 address = {New York, NY, USA},
}


@INPROCEEDINGS {springerlink:10.1007/978,
   author = {Charles, Jesse and Potok, Thomas and Patton, Robert and Cui, Xiaohui},
   title = {{Flocking-based Document Clustering on the Graphics Processing Unit}},
   booktitle = {Proceedings  of the International Workshop on Nature Inspired Cooperative Strategies for Optimization},
   pages = {27-37},
   volume = {129},
   year = {2008}
}

@article{Che:2008:PSG:1412749.1412827,
 author = {Che, Shuai and Boyer, Michael and Meng, Jiayuan and Tarjan, David and Sheaffer, Jeremy W. and Skadron, Kevin},
 title = {{A performance study of general-purpose applications on graphics processors using CUDA}},
 journal = {Journal of Parallel and Distributed Computing},
 volume = {68},
 year = {2008},
 pages = {1370--1380},
 publisher = {Academic Press, Inc.},
 address = {Orlando, FL, USA}
}

@article {MEME,
   author = {Bailey, Timothy L. and Elkan, Charles},
   title = {Unsupervised learning of multiple motifs in biopolymers using expectation maximization},
   journal = {Machine Learning},
   publisher = {Springer Netherlands},
   keyword = {Computer Science},
   pages = {51-80},
   volume = {21},
   year = {1995}
}
@article{cudameme,
 author = {Liu, Yongchao and Schmidt, Bertil and Liu, Weiguo and Maskell, Douglas L.},
 title = {{CUDA-MEME: Accelerating motif discovery in biological sequences using CUDA-enabled graphics processing units}},
 journal = {Pattern Recognition Letters},
 volume = {31},
 year = {2010},
 pages = {2170--2177},
 publisher = {Elsevier Science Inc.},
 address = {New York, NY, USA}
}

@article{Guttman1984,
 author = {Guttman, Antonin},
 title = {R-trees: a dynamic index structure for spatial searching},
 journal = sigmodrecord,
 volume = {14},
 year = {1984},
 pages = {47--57},
 publisher = {ACM}
}


@inproceedings{5607480,
author={Shenshen Liang and Ying Liu and Cheng Wang and Liheng Jian},
booktitle={Proceedings of IEEE 2nd Symposium on Web Society},
title={{Design and evaluation of a parallel k-nearest neighbor algorithm on CUDA-enabled GPU}},
year={2010},
pages={53-60},
address = {Beijing, China}
}


@inproceedings{Govindaraju:2006:GHP:1142473.1142511,
 author = {Govindaraju, Naga and Gray, Jim and Kumar, Ritesh and Manocha, Dinesh},
 title = {{GPUTeraSort: high performance graphics co-processor sorting for large database management}},
 booktitle = sigmod,
 year = {2006},
 pages = {325--336},
 address = {New York, NY, USA}
}

@inproceedings{DBLP:conf/sigmod/GovindarajuLWLM04,
  author    = {Naga K. Govindaraju and
               Brandon Lloyd and
               Wei Wang 0010 and
               Ming C. Lin and
               Dinesh Manocha},
  title     = {Fast Computation of Database Operations using Graphics Processors},
  booktitle = sigmod,
  year      = {2004},
  pages     = {215-226},
  address = {New York, NY, USA},
}


@inproceedings{Mueen:2010:ODM:1835804.1835941,
 author = {Mueen, Abdullah and Keogh, Eamonn},
 title = {Online discovery and maintenance of time series motifs},
 booktitle = kdd,
 year = {2010},
 pages = {1089--1098},
 address = {New York, NY, USA}
}

@INPROCEEDINGS{Liu04aninvestigation,
    author = {Ting Liu and Andrew W. Moore and Alexander Gray and Ke Yang},
    title = {An investigation of practical approximate nearest neighbor algorithms},
    booktitle = { In proceedings of Neural Information Processing Systems },
    year = {2004},
    pages = {825--832},
    address = {Vancouver, BC, Canada}
}

%%%%%%%%%%%%%%%%%%%%
@inproceedings{citeulike:7399806,
    author = {Wang, Jun and Kumar, Sanjiv and Chang, Shih-Fu},
    booktitle = cvpr,
    title = {{Semi-Supervised Hashing for Scalable Image Retrieval}},
    year = {2010},
    pages = {3424 -3431},
    address = {San Francisco, USA}
}

%% here and after

@INPROCEEDINGS{5459466,
author={Kulis, B. and Grauman, K.},
booktitle= iccv,
title={Kernelized locality-sensitive hashing for scalable image search},
year={2009},
pages={2130 -2137},
address = {Kyoto, Japan}
}

@INPROCEEDINGS{Metwally05efficientcomputation,
    author = {Ahmed Metwally and Divyakant Agrawal and Amr El Abbadi},
    title = { Efficient Computation of Frequent and Top-k Elements in Data Streams},
    booktitle = icdt,
    year = {2005},
    pages = {398--412},
   address = {Edinburgh, Scotland}
}

@ARTICLE{tesla,
author={Lindholm, E. and Nickolls, J. and Oberman, S. and Montrym, J.},
journal={Micro, IEEE},
title={NVIDIA Tesla: A Unified Graphics and Computing Architecture},
year={2008},
volume={28},
pages={39 -55},
}


@article{CUDA,
 author = {Nickolls, John and Buck, Ian and Garland, Michael and Skadron, Kevin},
 title = {{Scalable Parallel Programming with CUDA}},
 journal = {Queue},
 volume = {6},
 year = {2008},
 pages = {40--53},
 publisher = {ACM},
 address = {New York, NY, USA},
}


@ARTICLE{OPENCL,
author={Stone, J.E. and Gohara, D. and Guochun Shi},
journal={Computing in Science Engineering},
title={{OpenCL: A Parallel Programming Standard for Heterogeneous Computing Systems}},
year={2010},
volume={12},
pages={66 -73},
}

@inproceedings{icdefastjoin,
author = {Lieberman, M.D. and Sankaranarayanan, J. and Samet, H.},
booktitle = icde,
title = {{A Fast Similarity Join Algorithm Using Graphics Processing Units}},
year = {2008},
pages = {1111-1120},
address = {Canc�n, Mexico}
}



@inbook{GPUDataMining1,
 author = {B\"{o}hm, Christian and Noll, Robert and Plant, Claudia and Wackersreuther, Bianca and Zherdin, Andrew},
 chapter = {{Data Mining Using Graphics Processing Units}},
 title = {Transactions on Large-Scale Data- and Knowledge-Centered Systems I},
 year = {2009},
 pages = {63--90},
 volume = {5740},
 publisher = {Springer-Verlag},
 address = {Berlin, Heidelberg},
}


@inproceedings{ParallelMotif,
 author = {Narang, Ankur and Bhattacherjee, Souvik},
 title = {Parallel exact time series motif discovery},
 booktitle = {Proceedings of the international Euro-Par conference on Parallel processing},
 year = {2010},
 pages = {304--315},
 publisher = {Springer-Verlag},
 address = {Berlin, Heidelberg}
}



@incollection{Fayyad:1996:DMK:257938.257942,
 author = {Fayyad, Usama M. and Piatetsky-Shapiro, Gregory and Smyth, Padhraic},
 title = {From data mining to knowledge discovery: an overview},
 booktitle = {Advances in knowledge discovery and data mining},
 year = {1996},
 pages = {1--34},
 publisher = {American Association for Artificial Intelligence},
}
@article{Wiley,
 author = { Wiley, Ed. },
 title = {Connecting learning objects to instructional Design theory: a definition, a metphor, an a taxonomy},
 year = {2002}
 }

 @article{Gladys,
 author = { Gladys Carrillo and Xavier Ochoa },
 title = {Recomendación de Objetos de Aprendizaje basado en el Perfil del Usuario y la Información de Atención Contextualizada},
 address ={Escuela Superior
Politécnica del Litorla, Guayaquil Ecuador},
 year = {2013}
 }


@article{Nietman,
author = { Niemann K and Scheffel M and Friedrich M and Kirschenmann U and Schmitz H and Wolpers M},
title = {Usage-based Object Similarity. Journal of Universal Computer Science},
 year = {2010},
pages={2272-2290}
 }



 @article{Cazella,
author = { Cazella S C and Reategui E B and Nunes M A},
title = {Estado da arte em Sistemas de Recomendação},
 year = {2010},
  JOURNAL={Jornada de Atualização em Informática da SBC. Rio de Janeiro},
 PAGES={ 161–216}
 }


 @article{ML1,
author = {William L Hosch},
title = {Machine-learning This is a tertiary source that clearly includes information from other sources but does not name them},
 year = {2014}
 }

  @article{ML2,
author = {Ron Kohavi and Foster Provost},
title = {Machine Learning},
 year = {2010},
  PAGES={ 271–274}
 }

  @article{ML3,
author = { Bishop C M},
title = {Pattern Recognition and Machine
Learning. Springer},
 year = {2010},
 JOURNAL={Springer. ISBN },
 PAGES={ 0-387-31073-8}
 }

   @article{ML4,
author = {Wernick Yang and Brankov Yourganov and Strother},
title = {Machine Learning in Medical Imaging},
 year = {2010},
 JOURNAL={ IEEE Signal Processing
Magazine},
 PAGES={ 25-38}
 }

    @article{ML5,
author = {Mannila Heikki},
title = {Data mining: machine learning,
statistics, and databases. Int'l Conf. Scientific and Statistical Database Management},
 year = {2012}
 }

     @article{ML6,
author = {Friedman  Jerome H},
title = {Data Mining and Statistics: What’s the connection},

 year = {2010},
 JOURNAL={ Computing Science and Statistics},
  PAGES={ 3–9}
 }

     @article{ML10,
author = {Russell Stuart and Norvig Peter },
title = {Artificial
Intelligence: A Modern Approach },
 year = {2003},

 }


 @article{Pablo,
author = { Pablo Ruiz Martín},
title = {Presente y futuro de los massive open online courses (MOOC) Analisis de la oferta completa de los cursos de las plataformas Coursera, EdX, Miriada X y Udacity},
 year = {2013}

 }



  @misc{Overcode,
   author = {Elena L and Glassman and Jeremy Scott and Rishabh Singh and Philip J and Guo and Robert C and Miller},
   title = {OverCode: Visualizing Variation in Student Solutions to Programming Problems at Scale},
   year = {2015},
   url = {URL{
 http://people.csail.mit.edu/elg/overcode}},
   note = "[Web; accedido el 05-09-2015]"
 }

   @misc{Marti,
   author = {Martí J},
   title = {Tipos de MOOCs},
   year = {2012},
   url = {URL{
 http://www.xarxatic.com/tipos-de-moocs/}},
   note = "[Web; accedido el 05-09-2015]"
 }



  @article{Bruce,
author = { Bruce McCorkendale and Xue Feng Tian and Sheng Gong and Xiaole Zhu and Jun Mao and Qingchun Meng and Ge Hua Huang and Wei Guo Eric Hu},
title = {Systems and methods for combining static and dynamic code analysis},
 year = {2012}

 }




 @article{Li,
author = { Li-Qian Y and Lin-Zhang W and Bin L and  Jian-Hua Z and Xuan-Dong Z},
title = {Combined Static and Dynamic Immutability Analysis of Java Program},
 year = {2010},
  JOURNAL={hinese Journal of Computers. Vol. 33},
 PAGES={ 736-746}
 }




 @article{Huajie,
author = { Huajie C and Tian Z  Lei B and Xuandong L},
title = {An Instrumentation Tool for Program Dynamic Analysis in Java},
 year = {2011},
  JOURNAL={Fifth International Conference on Secure Software Integration and Reliability Improvement - Companion. IEEE Computer Siciety}

 }

 @article{Zaidman,
author = {Morgan Kaufmann},
title = {Data Preparation for Data Mining},
 year = {2000}
 }

  @article{Pyle,
author = {Zaidman A},
title = {Scalability solutions for program comprehension through dynamic analysis},
 year = {2011}
 }

   @article{Xavier,
author = {Xavier Amatriain and Alejandro Jaimes and Nuria Oliver and Josep M Pujol},
title = { Data Mining Methods for Recommender Systems
},
 year = {2011}
 }

    @article{DM44,
author = {Isaksson A and Wallman M and Goransson H  and Gustafsson M G},
title = { Cross-validation and boot-strapping are unreliable in small sample classification. Pattern Recognition Letters},
 year = {2008}
 }


    @article{WileyMooc,
author = {Wiley D},
title = { The MOOC misnomer},
 year = {2012}
 }

    @article{Scopeo,
author = {SCOPEO},
title = { Observatorio de la Formación en Red, MOOC: Estado de la situación actual, posibilidades, retos y futuro},
 year = {2013}
 }

     @article{DM81,
author = {Zurada J},
title = { Introduction to artificial neural systems. West Publishing Co},
 year = {2012}
 }


    @article{DM5,
author = {Amatriain X and Pujol J M and Tintarev N and Oliver N},
title = {  Rate it again: Increasing recommendation accuracy by user re-rating},
 year = {2011}
 }


 @article{Baoxi,
author = { Baoxi},
title = {Instrumentation technique and its applications in software analysis and debug},
 year = {2010}

 }



 @article{Bessey,
author = { Bessey A and Block K and Chelf B and  Chou A and  Fulton B and Hallem S},
title = {A few billion lines of code later: Using static analysis to find bugs in the real world},
 year = {2010},
  JOURNAL={Communications of the ACM},
 PAGES={ 66-75}
 }



 @article{Ayewah,
author = { Ayewah N and Hovemeyer D and Morgenthaler D and Penix J and Pugh W},
title = {Experiences Using Static Analysis to Find Bugs},
 year = {2008},
  JOURNAL={IEEE Software},
 PAGES={ 22-29.}
 }



 @article{Ashcraft,
author = { Ashcraft K and Engler D},
title = {Using programmer-written compiler extensions to catch security holes},
 year = {2011},
  JOURNAL={IEEE Symposium on Security and Privacy},

 }


 @article{Guyer,
author = { Guyer S Z},
title = {Incorporating Domain-Specific Information into the Compilation Process},
 year = {2010}
 }

  @article{Wasserman,
author = { Wasserman G and Su Z},
title = {Sound and precise analysis of web applications for injection vulnerabilities},
 year = {2007},
  JOURNAL={ACM SIGPLAN Conference on Programming Language Design and Implementation}

 }




 @article{Shankar,
author = { Shankar U K and Talwar J S and Foster and  Wagner D},
title = {Detecting format string vulnerabilities with type qualifiers},
 year = {2010},
  JOURNAL={USENIX Security Symposium}

 }




  @article{Enrique,
author = { Enrique José Altuna Castillo and Lisandra Guibert Estrada},
title = {Generación de pistas durante el aprendizaje de la programación para concursos usando el análisis estático y dinámico de las soluciones},
 year = {2013},
  JOURNAL={Ingeniare. Rev. chil. ing. vol.21},
 PAGES={ 161–216}
 }

  @article{Vekariya,
author = {  Vekariya V and Kulkarni},
title = {Hybrid recommender systems: Survey and experiments},
 year = {2012},
  JOURNAL={Second International Conference on Digital Information and Communication Technology and it’s Applications (DICTAP)},
 PAGES={ 469–473}
 }


  @article{Worsley,
author = { Marcelo Worsley and Paulo Blikstein},
title = {Programming Pathways: A Technique for Analyzing Novice Programmers’ Learning Trajectories},
 year = {2013},
  JOURNAL={Artificial Intelligence Education},
 PAGES={ 843-850}
 }



@article{Turkle,
author = { Turkle S and Papert S},
title = {Epistemological Pluralism and Revaluation of the Concrete. In: I. H.
a. S. Papert (eds.)},
 year = {2010},
  JOURNAL={Constructionism.},
 PAGES={ 161-192}
 }


  @article{Zulema,
author = {Zulema Beatriz Rosanigo and Pedro Bramati},
title = {Objetos de Aprendizaje},
 year = {2011},
  JOURNAL={Departamento de Ingeniería
Facultad de Ingeniería}
 }

@article{Gonzales,
author = { González Gutiérrez H M},
title = {Modelo dinámico del estudiante en cursos virtuales adaptativos utilizando técnicas de inteligencia artificial},
year = {2010},
 }


  @article{ Rodriguez,
author = {  Rodríguez P A and Tabares V and Duque N D and Ovalle D A  and  Vicari R M},
title = {Multi-agent Model for Searching, Recovering, Recommendation and Evaluation of Learning Objects from Repository Federations},
 year = {2012},
  JOURNAL={Advances in Artificial Intelligence – IBERAMIA},
 PAGES={ 631–640}
 }



 @article{Hdioud,
author = { Hdioud F and Frikh B and Ouhbi B},
title = {A comparison study of some algorithms in Recommender Systems},
 year = {2012},
  JOURNAL={Information Science and Technology (CIST), Colloquium},
 PAGES={ 130–135}
 }



 @article{Betancur,
author = { Betancur D and Moreno J and Ovalle D},
title = {Modelo para la recomendación y recuperación de objetos de aprendizaje en entornos virtuales de enseñanza/aprendizaje. Revista Avances en Sistemas e Informática},
 year = {2010},
  JOURNAL={Revista Avances en Sistemas e Informática},
 PAGES={ 45–56}
 }

  @article{Marin,
author = { Paula Andrea Rodríguez Marín},
title = {Modelo de recomendación adaptativa de objetos de aprendizaje en el marco de una federación de repositorios, apoyado en agentes inteligentes y perfiles de usuario},
 address ={Biblioteca Sede Medellín Universidad Nacional de Colombia},
 year = {2014}

 }


  @article{Mizhquero,
 author = {  Mizhquero K },
 title = {Diseño e Implementación de un Sistema Adaptivo de Recomendación de Información Basado en Mashups},
 JOURNAL={Tecnológica ESPOL},
 year = {2009}
 }

  @article{Paula,
 author = { Paula Andrea Rodríguez Marín and Néstor Darío Duque Méndezand  Demetrio Arturo Ovalle Carranza and Valentina Tabares Morales },
 title = {Recomendación de Objetos de Aprendizaje basado en el Perfil del Usuario y la Información de Atención Contextualizada},
 year = {2013}
 }



@article{cit:benjamin,
 author = { Benjamín Maraza Q. },
 title = {Connecting learning objects to instructional Design theory: a definition, a metphor, an a taxonomy},
 year = {2002}

 }



@article{ cit:gerardo,
    author = "Gerardo Alberto Varela N.",
    title = "Personalización adaptativa de recursos educativos basados en estilos de aprendizaje",
     year = {2012}
    }

@article{cit:benjamin,
 author = { Benjamín Maraza Q. },
 title = {Modelo Inteligente de Gestión de Aprendizaje Personalizado en un Ambiente de Simulación Virtual Basado en Instancias de Objetos de Aprendizaje},
 year = {2013}

 }

@article{cit:jane,
  author =   {Jane O. },
  title =    {re improvements in text comprehension following training on an adaptive learning system moderated by improvements in understanding of connectives?},
  year =     {2014}

}

@article{cit:marcela,
  author =   { Marcela P., Helmut L., Francisco J.},
  title =    { Metodología para diseñar la adaptación de la presentación de contenidos en sistemas hipermedia adaptativos basados en estilos de aprendizaje.},

  year =     {2006}
 }


@article{cit:pilar,
  author =   {Pilar Rodríguez y Álvaro Ortigosa },
  title =    {Estilos de aprendizaje en los Sistemas adaptativos para la enseñanza},
  year =     {2011}

}


@article{ cit:journal,
  author =   { International Forum of Educational Technology and Society (2013)},
  title =    {Journal of Educational Technology and Society},
  year =     {2013}
}

@article{cit:tania,
 author = { Tania Di Mascio, Rosella Gennari, Pierpaolo Vittorini },
 title = {The Design of an Intelligent Adaptive Learning System for Poor Comprehenders},
 year = {2011}

 }

@article{cit:coffield,
 author = {Coffield, F., y Moseley, D. },
 title = {Learning styles and pedagogy in post-16 learning a systematic and critical review - Institute of education university of london},
 address = {University of London , University of Newcastle. Elaine Hall.},
 year = {2004}
}

@article{cit:Dunn,
 author = {Dunn, R., y Dunn, K  },
 title = {Learning styles and pedagogy in post-16 learning a systematic and critical review - Institute of education university of london},
 address = {Dunn and Dunn learning style inventory department of educational and community programs},
 year = {2004}
}

@article{cit:keefe,
 author = {Keefe },
 title = {Estilos de aprendizaje , generalidades en EA.},
 address = {University of London , University of Newcastle. Elaine Hall.},
 year = {2008}
}

@article{cit:herrera,
 author = {Rocio Cárdenas Soria, Jose Herra Quispe },
 title = {Propuesta de una metodología para el diseño de una interfaz de juego educativo para niños de 4 a 5 años en dispositivos móviles},
 address = {Cienc. Desarro. Tacna},
 year = {2014}
}

@article{cit:bruckman,
 author = {Bruckman, Amy y Bandlow  },
 title = {HCI for kid published in the Human computer interaction Handbook. Georgia Institute of Technology },
 address = {University of London , University of Newcastle. Elaine Hall.},
 year = {2002}
}



@article{cit:oblinger,
 author = { Oblinger, D.G.  },
 title = {Boomers, Gen-
Xers and millennials: Understanding the new students.  },
 address = {Educause Review},
 year = {2003}
}


@article{cit:webster,
 author = {Webster, J. Trevino, L. K and Ryan L. },
 title = {The dimensionality and correlates of flow in human-computer interaction.},
 address = {University of London , University of Newcastle. Elaine Hall.},
 year = {2003}
}


@article{cit:csikss,
 author = {Csikszentmihalyi, M. },
 title = {Flow: The psychology of optimal experience. New York7 Harper Perennial },
 address = { New York Harper Perennial},
 year = {2011}
}

@article{cit:papert,
 author = {Papert, S.},
 title = {The Children’s Machine, BasicBooks},
 address = { New York},
 year = {2003}
}

@article{cit:csiks,
 author = {Csikszentmihalyi, M. },
 title = {Beyond boredom and anxiety. San Francisco7 Jossey-Bass. },
 address = { San Francisco7 Jossey-Bass.},
 year = {2005}
}

@article{cit:Woolfolk,
 author = {Woolfok, Anita },
 title = {Psicología educativa},
 address = { New York},
 year = {2005}
}
%%%%%%%%%


@book{aggarwal2015data,
  title={Data mining: the textbook},
  author={Aggarwal, Charu C},
  year={2015},
  publisher={Springer}
}

@misc{laRepublicaCancer,
    author={Elízabeth Gamarra},
    title={Cáncer de piel se puede tener en 6 meses},
    editor= {La República},
    year={2016},
    howpublished = {http://larepublica.pe/impresa/sociedad/732252-cancer-de-piel-se-puede-tener-en-6-meses},
    urldate={01-04-2016}
}

@misc{sacc1,
    author = {American Cancer Society},
    title = {¿Qué es el cáncer de piel tipo melanoma?},
    year = {2016},
    howpublished = "http://www.cancer.org/espanol/cancer/cancerdepieltipomelanoma/guiadetallada/cancer-de-piel-tipo-melanoma-what-is-what-is-melanoma",
    urldate = {25-08-2016}
}

@article{calderon2011factores,
  title={Factores de riesgo y detección temprana del melanoma maligno en pacientes con nevus melanocíticos},
  author={Calderón, Mar Burgués and Martín, Rafael Llamas},
  journal={Más dermatología},
  number={14},
  pages={5--13},
  year={2011},
  publisher={Editorial Glosa}
}

@article{ABCDrule,
    title = "The ABCD rule of dermatoscopy",
    journal = "Journal of the American Academy of Dermatology",
    volume = "30",
    number = "4",
    pages = "551-559",
    year = "1994",
    issn = "0190-9622",
    doi = "http://dx.doi.org/10.1016/S0190-9622(94)70061-3",
    url = "http://www.sciencedirect.com/science/article/pii/S0190962294700613",
    author = "Franz Nachbar and Wilhelm Stolz and Tanja Merkle and Armand B. Cognetta and Thomas Vogt and Michael Landthaler and Peter Bilek and Otto Braun-Falco and Gerd Plewig",
}

@article{ComparaSegmentation,
    author={M. Silveira and J. C. Nascimento and J. S. Marques and A. R. S. Marcal and T. Mendonca and S. Yamauchi and J. Maeda and J. Rozeira},
    journal={IEEE Journal of Selected Topics in Signal Processing},
    title={Comparison of Segmentation Methods for Melanoma Diagnosis in Dermoscopy Images},
    year={2009},
    volume={3},
    number={1},
    pages={35-45},
    doi={10.1109/JSTSP.2008.2011119},
    ISSN={1932-4553},
    month={Feb},
}

@article{Premaladha2016,
    author="Premaladha, J. and Ravichandran, K. S.",
    title="Novel Approaches for Diagnosing Melanoma Skin Lesions Through Supervised and Deep Learning Algorithms",
    journal="Journal of Medical Systems",
    year="2016",
    volume="40",
    number="4",
    pages="1--12",
    issn="1573-689X",
    doi="10.1007/s10916-016-0460-2",
    url="http://dx.doi.org/10.1007/s10916-016-0460-2"
}

@article{sharmaautomatically,
  title={Automatically Detection of Skin Cancer by Classification of Neural Network},
  author={Sharma, Deepti and Srivastava, Swati},
  issn={2321-0869},
  year={2015},
  journal={International Journal of Engineering & Technical Research}
}

@inproceedings{Liao2015Csc4,
  title="Csc 400 -graduate Problem Seminar -project Report a Deep Learning Approach to Universal Skin Disease Classification",
  author="Haofu Liao",
  year="2015"
}


@article{WiatowskiB15a,
  author    = {Thomas Wiatowski and Helmut Bölcskei},
  title     = {A Mathematical Theory of Deep Convolutional Neural Networks for Feature Extraction},
  journal   = {CoRR},
  volume    = {abs/1512.06293},
  year      = {2015}
}

@INPROCEEDINGS{StatisticalLearning,
    author={M. Fornaciali and S. Avila and M. Carvalho and E. Valle},
    booktitle={2014 27th SIBGRAPI Conference on Graphics, Patterns and Images},
    title={Statistical Learning Approach for Robust Melanoma Screening},
    year={2014},
    pages={319-326},
    doi={10.1109/SIBGRAPI.2014.48},
    ISSN={1530-1834},
    month={Aug}
}

@INPROCEEDINGS{6610779,
    author={T. Mendonça and P. M. Ferreira and J. S. Marques and A. R. S. Marcal and J. Rozeira},
    booktitle={2013 35th Annual International Conference of the IEEE Engineering in Medicine and Biology Society (EMBC)},
    title={PH2 - A dermoscopic image database for research and benchmarking},
    year={2013},
    pages={5437-5440},
    doi={10.1109/EMBC.2013.6610779},
    ISSN={1094-687X},
    month={July}
}


@book{PattClassi,
   title = "Pattern classification",
   author = "Duda, Richard O. and Hart, Peter E. and Stork, David G.",
   publisher = "J. Wiley & Sons",
   address = "New York, Chichester, Weinheim",
   url = "http://opac.inria.fr/record=b1096534",
   isbn = "0-471-05669-3",
   note = "La page de titre porte en plus A Wiley-Interscience publication",
   year = 2001
}


@INPROCEEDINGS{DeepFeature,
    author={J. Kawahara and A. BenTaieb and G. Hamarneh},
    booktitle={2016 IEEE 13th International Symposium on Biomedical Imaging (ISBI)},
    title={Deep features to classify skin lesions},
    year={2016},
    pages={1397-1400},
    doi={10.1109/ISBI.2016.7493528},
    month={April}
}


@article{abbas2013melanoma,
  title={Melanoma recognition framework based on expert definition of ABCD for dermoscopic images},
  author={Abbas, Qaisar and Emre Celebi, M and Garcia, Irene Fondón and Ahmad, Waqar},
  journal={Skin Research and Technology},
  volume={19},
  number={1},
  pages={e93--e102},
  year={2013},
  publisher={Wiley Online Library}
}


@article{Capdehourat2011,
 author = {Capdehourat, Germán and Corez, Andrés and Bazzano, Anabella and Alonso, Rodrigo and Musé, Pablo},
 title = {Toward a Combined Tool to Assist Dermatologists in Melanoma Detection from Dermoscopic Images of Pigmented Skin Lesions},
 journal = {Pattern Recogn. Lett.},
 issue_date = {December, 2011},
 volume = {32},
 number = {16},
 year = {2011},
 issn = {0167-8655},
 pages = {2187--2196},
 numpages = {10},
 url = {http://dx.doi.org/10.1016/j.patrec.2011.06.015},
 doi = {10.1016/j.patrec.2011.06.015},
 publisher = {Elsevier Science Inc.}
}

@article{Mete2012,
    title = "Dermoscopic diagnosis of melanoma in a 4D space constructed by active contour extracted features ",
    journal = "Computerized Medical Imaging and Graphics ",
    volume = "36",
    number = "7",
    pages = "572 - 579",
    year = "2012",
    issn = "0895-6111",
    doi = "http://dx.doi.org/10.1016/j.compmedimag.2012.06.002",
    url = "http://www.sciencedirect.com/science/article/pii/S0895611112001048",
    author = "Mutlu Mete and Nikolay Metodiev Sirakov",
}


@article{Bandyopadhyay,
  title={Pre-processing of Mammogram Images},
  author={Samir Kumar Bandyopadhyay},
  journal={International Journal of Engineering Science and Technology},
  isnn={6753-6758},
  volume={11},
  number={2},
  year={2010},
  publisher={Engg Journals Publication}
}

@article{MessadiExtra,
  title={Extraction of specific parameters for skin tumour classification},
  author={Messadi M., Bessaid A. and Taleb-Ahmed A.  },
  journal={International Journal of Engineering Science and Technology},
  isnn={0309-1902},
  volume={33},
  page = {288-295},
  DOI = {10.1080/03091900802451315},
  year={2009},
  publisher={Informa Healthcare}
}

@article{JamaClinical,
    author = {Whited JD and Grichnik JM},
    title = {Does this patient have a mole or a melanoma?},
    journal = {JAMA},
    volume = {279},
    number = {9},
    pages = {696-701},
    year = {1998},
    doi = {10.1001/jama.279.9.696},
    URL = {http://dx.doi.org/10.1001/jama.279.9.696}
}


@article{abs-1206-5538,
  author    = {Yoshua Bengio and
               Aaron C. Courville and
               Pascal Vincent},
  title     = {Unsupervised Feature Learning and Deep Learning: {A} Review and New
               Perspectives},
  journal   = {CoRR},
  volume    = {abs/1206.5538},
  year      = {2012},
  url       = {http://arxiv.org/abs/1206.5538},
}

@Inbook{Barata2013,
    author="Barata, Catarina and Marques, Jorge S. and Mendonca, Teresa",
    editor="Kamel, Mohamed and Campilho, Aurélio",
    title="Bag-of-Features Classification Model for the Diagnose of Melanoma in Dermoscopy Images Using Color and Texture Descriptors",
    bookTitle="Image Analysis and Recognition: 10th International Conference, ICIAR 2013, P{\'o}voa do Varzim, Portugal, June 26-28, 2013. Proceedings",
    year="2013",
    publisher="Springer Berlin Heidelberg",
    pages="547--555",
    isbn="978-3-642-39094-4",
    doi="10.1007/978-3-642-39094-4_62",
    url="http://dx.doi.org/10.1007/978-3-642-39094-4_62"
}

@INPROCEEDINGS{LazebnikSPM,
    author={S. Lazebnik and C. Schmid and J. Ponce},
    booktitle={2006 IEEE Computer Society Conference on Computer Vision and Pattern Recognition (CVPR'06)},
    title={Beyond Bags of Features: Spatial Pyramid Matching for Recognizing Natural Scene Categories},
    year={2006},
    volume={2},
    pages={2169-2178},
    doi={10.1109/CVPR.2006.68},
    ISSN={1063-6919}
}


@INPROCEEDINGS{alexnet,
    author = {Alex Krizhevsky and Ilya Sutskever and Geoffrey E. Hinton},
    title = {Imagenet classification with deep convolutional neural networks},
    booktitle = {Advances in Neural Information Processing Systems},
    year = {2012}
}

@article{DBLP:SimonyanZ14a,
  author    = {Karen Simonyan and Andrew Zisserman},
  title     = {Very Deep Convolutional Networks for Large-Scale Image Recognition},
  journal   = {CoRR},
  volume    = {abs/1409.1556},
  year      = {2014},
  url       = {http://arxiv.org/abs/1409.1556},
  timestamp = {Wed, 01 Oct 2014 15:00:05 +0200},
}

@article{maiMLP,
	author = {Mai S.mabrouk and Mariam A.sheha and Amr Sharawy},
	title = {Article: Automatic Detection of Melanoma Skin Cancer using Texture Analysis},
	journal = {International Journal of Computer Applications},
	year = {2012},
	volume = {42},
	number = {20},
	pages = {22-26},
	month = {March}
}

@article{autoencoderOthman,
    author = {Esam Othman and Yakoub Bazi and Naif Alajlan and Haikel Alhichri and Farid Melgani},
    title = {Using convolutional features and a sparse autoencoder for land-use scene classification},
    journal = {International Journal of Remote Sensing},
    volume = {37},
    number = {10},
    pages = {2149-2167},
    year = {2016},
    doi = {10.1080/01431161.2016.1171928},
    URL = {http://dx.doi.org/10.1080/01431161.2016.1171928},
    eprint = {http://dx.doi.org/10.1080/01431161.2016.1171928}
}

@book{dlBook,
    author    = "Nikhil Buduma",
    title     = "Fundamentals of Deep Learnin",
    year      = "2016",
    publisher = "O'Reilly Media, Inc."
}

@book{kubat2015introduction,
    title={An Introduction to Machine Learning},
    author={Kubat, Miroslav},
    publisher={Springer},
    year = {2015},
    doi = {10.1007/978-3-319-20010-1}
}

@MISC{Le15atutorial,
    author = {Quoc V. Le and Google Brain and Google Inc},
    title = {A Tutorial on Deep Learning Part 2: Autoencoders, Convolutional Neural Networks and Recurrent Neural Networks},
    year = {2015}
}


@article{bengio2007greedy,
  title={Greedy layer-wise training of deep networks},
  author={Bengio, Yoshua and Lamblin, Pascal and Popovici, Dan and Larochelle, Hugo and others},
  journal={Advances in neural information processing systems},
  volume={19},
  pages={153},
  year={2007},
  publisher={MIT; 1998}
}


@inbook{stochastic-gradient-tricks,
    author = {Léon Bottou},
    title = {Stochastic Gradient Tricks},
    booktitle = {Neural Networks, Tricks of the Trade, Reloaded},
    year = {2012},
    month = {January},
    publisher = {Springer},
    url = {https://www.microsoft.com/en-us/research/publication/stochastic-gradient-tricks/},
    address = {},
    pages = {430–445},
    volume = {7700}
}

@article{GuWKMSSLWW15,
    author  = {Jiuxiang Gu and
               Zhenhua Wang and
               Jason Kuen and
               Lianyang Ma and
               Amir Shahroudy and
               Bing Shuai and
               Ting Liu and
               Xingxing Wang and
               Gang Wang},
  title     = {Recent Advances in Convolutional Neural Networks},
  journal   = {CoRR},
  volume    = {abs/1512.07108},
  year      = {2015},
  url       = {http://arxiv.org/abs/1512.07108},
  timestamp = {Sat, 02 Jan 2016 11:38:49 +0100},
  biburl    = {http://dblp.uni-trier.de/rec/bib/journals/corr/GuWKMSSLWW15},
  bibsource = {dblp computer science bibliography, http://dblp.org}
}

@article{2016arXiv160902374J,
    author = {Jafari, Mohammad H. and Nasr-Esfahani, Ebrahim and Karimi, Nader and Soroushmehr, S. M. Reza and Samavi, Shadrokh and Najarian, Kayvan},
    title = "{Extraction of Skin Lesions from Non-Dermoscopic Images Using Deep Learning}",
    journal = {ArXiv e-prints},
    archivePrefix = "arXiv",
    eprint = {1609.02374},
    year = 2016,
    month = sep,
    adsurl = {http://adsabs.harvard.edu/abs/2016arXiv160902374J},
    adsnote = {Provided by the SAO/NASA Astrophysics Data System}
}

@article{Silva20081302,
    author = "Luís M. Silva and J. Marques de Sá and Luís A. Alexandre",
    title = "Data classification with multilayer perceptrons using a generalized error function",
    journal = "Neural Networks",
    volume = "21",
    number = "9",
    pages = "1302-1310",
    year = "2008",
    issn = "0893-6080",
    doi = "http://dx.doi.org/10.1016/j.neunet.2008.04.004",
    url = "http://www.sciencedirect.com/science/article/pii/S0893608008000749"
}

@book{smola2008ml,
    author = "Smola, Alexander Johannes and Vishwanathan, S.V.N.",
    title = "Introduction to Machine Learning",
    publisher = "Cambridge University Press",
    year = "2008",
    url = "http://alex.smola.org/drafts/thebook.pdf,/bib/smola/smola2008ml/thebook.pdf",
    keywords = "book.ml,ebook",
}

@incollection{NIPS2010_0550,
    author = {Jiquan Ngiam and Zhenghao Chen and Daniel Chia and Pang W. Koh and Quoc V. Le and Andrew Y. Ng},
    url = {http://books.nips.cc/papers/files/nips23/NIPS2010_0550.pdf},
    booktitle = {Advances in Neural Information Processing Systems 23},
    title = {Tiled convolutional neural networks},
    editor = {J. Lafferty and C. Williams and J. Shawe-taylor and R.s. Zemel and A. Culotta},
    year = {2010},
    pages = {1279--1287}
   }



@misc{website:UFLDL,
      author = "Andrew Y. Ng and Adam Coates and Quoc Le and Honglak Lee and Andrew Maas",
      title = "UFLDL Tutorial - Deep Learning",
      month = "10",
      year = "2016",
      url = "http://ufldl.stanford.edu/"
}

@article{roc,
    author={Jin Huang and C. X. Ling},
    journal={IEEE Transactions on Knowledge and Data Engineering},
    title={Using AUC and accuracy in evaluating learning algorithms},
    year={2005},
    volume={17},
    number={3},
    pages={299-310},
    doi={10.1109/TKDE.2005.50},
    ISSN={1041-4347},
    month={March},
}


@article{TDLS6701329,
    author={J. Glaister and A. Wong and D. A. Clausi},
    journal={IEEE Transactions on Biomedical Engineering},
    title={Segmentation of Skin Lesions From Digital Images Using Joint Statistical Texture Distinctiveness},
    year={2014},
    volume={61},
    number={4},
    pages={1220-1230},
    doi={10.1109/TBME.2013.2297622},
    ISSN={0018-9294},
    month={April}
}


@article{esfhaniCnn,
    author={Ebrahim Nasr-Esfahani and Shadrokh Samavi and Nader Karimi and S.M. Reza Soroushmehr and M. Hossein Jafari and Kevin Ward and Kayvan Najarian},
    journal={38th Annual International Conference of the IEEE Engineering in Medicine and Biology Society (EMBC)},
    title={Melanoma Detection by Analysis of Clinical Images Using Convolutional Neural Network},
    adress = {Orlando, Florida, USA},
    year={2016},
    doi={10.1109/EMBC.2016.7590963},
    month={Agosto}
}

@inproceedings{googlenet,
    title = {Going Deeper with Convolutions},
    author  = {Christian Szegedy and Wei Liu and Yangqing Jia and Pierre Sermanet and Scott Reed and Dragomir Anguelov and Dumitru Erhan and Vincent Vanhoucke and Andrew Rabinovich},
    year  = 2015,
    URL = {http://arxiv.org/abs/1409.4842},
    booktitle = {Computer Vision and Pattern Recognition (CVPR)}
}



@online{dermnet,
  author = {Thomas Habif},
  title = {Malignant Melanoma Photos},
  year = 2016,
  url = {http://www.dermnet.com/images/Malignant-Melanoma},
  urldate = {2016-01-10}
}

@online{dermquest,
  author = {James Spencer},
  title = {Personalised learning and teaching resources for dermatologists today and tomorrow},
  year = 2016,
  url = {https://www.dermquest.com/image-library/image-search/},
  urldate = {2016-02-12}
}
 @online{dermweb,
  author = {Department of Dermatology and Skin Science at the University of British Columbia},
  title = {Photo Atlases},
  year = 2010,
  url = {http://www.dermweb.com/photo_atlas/default.htm},
  urldate = {2016-09-23}
}

@online{bccancer,
  author = {BC Cancer Agency },
  title = {Skin Cancer Prevention and Early Diagnosis continuing education on Melanoma.},
  year = 2016,
  url = {http://www.bccancer.bc.ca/health-professionals/professional-resources/skin-cancer-atlas/melanoma},
  urldate = {2016-02-11}
}

@online{dermatoweb,
  author = {Josep Casanova and  Manel Baradad and Xavier Soria and  Verónica Sanmartín and  Rosa Martí},
  title = {Web docente de Dermatología},
  year = 2012,
  url = {http://www.dermatoweb.net},
  urldate = {2016-06-22}
}

@online{dermis,
  author = {DOIA Team},
  title = {Dermatology Information System},
  year = 2016,
  url = {http://www.dermis.net/},
  urldate = {2016-03-03}
}

@online{uwaterloo,
  author = {Alexander Wong and David A. Clausi and Paul Fieguth},
  title = {Skin Cancer Detection},
  year = {2016},
  url = {https://uwaterloo.ca/vision-image-processing-lab/research-demos/skin-cancer-detection},
  urldate = {2016-10-03}
}




@inproceedings{Arantes_thefractal,
    author = {Adriano S. Arantes and Marcos R. Vieira and Agma J. M. Traina and Caetano Traina},
    title = {The Fractal Dimension Making Similarity Queries More Efficient},
 booktitle = {Proceedings of the II ACM SIGKDD Workshop on Fractals, Power Laws and Other Next Generation Data Mining Tools},
 year = {2003},
  publisher = {ACM}
  }


@article{DBLP:fractal2016,
  author    = {Christian Cesar Bones and
               Luciana A. S. Romani and
               Elaine P. M. de Sousa},
  title     = {Clustering Multivariate Data Streams by Correlating Attributes using
               Fractal Dimension},
  journal   = {{JIDM}},
  volume    = {7},
  number    = {3},
  pages     = {249--264},
  year      = {2016}
}


@article{Li:2015:RSS:2881665.2882186,
 author = {Li, Zechao and Liu, Jing and Tang, Jinhui and Lu, Hanqing},
 title = {Robust Structured Subspace Learning for Data Representation},
 journal = {IEEE Trans. Pattern Anal. Mach. Intell.},
 issue_date = {October 2015},
 volume = {37},
 number = {10},
 month = oct,
 year = {2015},
 issn = {0162-8828},
 pages = {2085--2098},
 numpages = {14},
 publisher = {IEEE Computer Society},
 address = {Washington, DC, USA},
}


@inproceedings{Belussi:1995:ESS:645921.673166,
 author = {Belussi, Alberto and Faloutsos, Christos},
 title = {Estimating the Selectivity of Spatial Queries Using the `Correlation' Fractal Dimension},
 booktitle = {Proceedings of the 21th International Conference on Very Large Data Bases},
 series = {VLDB '95},
 year = {1995},
 isbn = {1-55860-379-4},
 pages = {299--310},
 numpages = {12},
 publisher = {Morgan Kaufmann Publishers Inc.},
 address = {San Francisco, CA, USA},
}

@inproceedings{Xia:2014:SHI:2892753.2892851,
 author = {Xia, Rongkai and Pan, Yan and Lai, Hanjiang and Liu, Cong and Yan, Shuicheng},
 title = {Supervised Hashing for Image Retrieval via Image Representation Learning},
 booktitle = {Proceedings of the Twenty-Eighth AAAI Conference on Artificial Intelligence},
 series = {AAAI'14},
 year = {2014},
 location = {Qu\&\#233;bec City, Qu\&\#233;bec, Canada},
 pages = {2156--2162},
 numpages = {7},
 url = {http://dl.acm.org/citation.cfm?id=2892753.2892851},
 acmid = {2892851},
 publisher = {AAAI Press},
}

@article{DBLP:journals/corr/YosinskiCBL14,
  author    = {Jason Yosinski and
               Jeff Clune and
               Yoshua Bengio and
               Hod Lipson},
  title     = {How transferable are features in deep neural networks?},
  journal   = {CoRR},
  volume    = {abs/1411.1792},
  year      = {2014},
  timestamp = {Mon, 01 Dec 2014 14:32:13 +0100},
}

@article{DBLP:journals/corr/LaiPLY15,
  author    = {Hanjiang Lai and
               Yan Pan and
               Ye Liu and
               Shuicheng Yan},
  title     = {Simultaneous Feature Learning and Hash Coding with Deep Neural Networks},
  journal   = {CoRR},
  volume    = {abs/1504.03410},
  year      = {2015},
  url       = {http://arxiv.org/abs/1504.03410},
  timestamp = {Sat, 02 May 2015 17:50:32 +0200},
  biburl    = {http://dblp.uni-trier.de/rec/bib/journals/corr/LaiPLY15},
  bibsource = {dblp computer science bibliography, http://dblp.org}
}

@inproceedings{kLin:DH,
title = {Deep Learning of Binary Hash Codes for Fast Image Retrieval},
author = {Kelvin  Lin, H.-F. Yang, J.-H. Hsiao, C.-S. Chen},
booktitle = {CVPR Workshop (CVPRW) on Deep Learning in Computer Vision},
series = {CVPRW'15},
year = {2015},
publisher = {IEEE}

}


@article{DBLP:journals/corr/ZhaoHWT15,
  author    = {Fang Zhao and
               Yongzhen Huang and
               Liang Wang and
               Tieniu Tan},
  title     = {Deep Semantic Ranking Based Hashing for Multi-Label Image Retrieval},
  journal   = {CoRR},
  volume    = {abs/1501.06272},
  year      = {2015},
  url       = {http://arxiv.org/abs/1501.06272},
  timestamp = {Fri, 25 Sep 2015 10:44:22 +0200},
  biburl    = {http://dblp.uni-trier.de/rec/bib/journals/corr/ZhaoHWT15},
  bibsource = {dblp computer science bibliography, http://dblp.org}
}

@incollection{NIPS2013_5207,
title = {Deep Neural Networks for Object Detection},
author = {Szegedy, Christian and Toshev, Alexander and Erhan, Dumitru},
booktitle = {Advances in Neural Information Processing Systems 26},
editor = {C. J. C. Burges and L. Bottou and M. Welling and Z. Ghahramani and K. Q. Weinberger},
pages = {2553--2561},
year = {2013},
publisher = {Curran Associates, Inc.}
}


@inproceedings{ImageNet,
 author = {Krizhevsky, Alex and Sutskever, Ilya and Hinton, Geoffrey E.},
 title = {ImageNet Classification with Deep Convolutional Neural Networks},
 booktitle = {Proceedings of the 25th International Conference on Neural Information Processing Systems},
 series = {NIPS'12},
 year = {2012},
 location = {Lake Tahoe, Nevada},
 pages = {1097--1105},
 numpages = {9},
 publisher = {Curran Associates Inc.},
 address = {USA},
}


@inproceedings{DengDJFMBLNA14,
  added-at = {2016-01-08T00:00:00.000+0100},
  author = {Deng, Jia and Ding, Nan and Jia, Yangqing and Frome, Andrea and Murphy, Kevin and Bengio, Samy and Li, Yuan and Neven, Hartmut and Adam, Hartwig},
  biburl = {https://www.bibsonomy.org/bibtex/23ca3d96e3bc069cdc75822c72f43f71b/dblp},
  booktitle = {ECCV (1)},
  crossref = {conf/eccv/2014-1},
  editor = {Fleet, David J. and Pajdla, Tomás and Schiele, Bernt and Tuytelaars, Tinne},
  ee = {http://dx.doi.org/10.1007/978-3-319-10590-1_4},
  interhash = {39ae8bff8e9f795c7436e31c1ecf00ae},
  intrahash = {3ca3d96e3bc069cdc75822c72f43f71b},
  isbn = {978-3-319-10589-5},
  keywords = {dblp},
  pages = {48-64},
  publisher = {Springer},
  series = {Lecture Notes in Computer Science},
  timestamp = {2016-01-13T12:25:01.000+0100},
  title = {Large-Scale Object Classification Using Label Relation Graphs.},
  url = {http://dblp.uni-trier.de/db/conf/eccv/eccv2014-1.html#DengDJFMBLNA14},
  volume = 8689,
  year = 2014
}





@inproceedings{DengDJFMBLNA14,
  added-at = {2016-01-08T00:00:00.000+0100},
  author = {Deng, Jia and Ding, Nan and Jia, Yangqing and Frome, Andrea and Murphy, Kevin and Bengio, Samy and Li, Yuan and Neven, Hartmut and Adam, Hartwig},
  biburl = {https://www.bibsonomy.org/bibtex/23ca3d96e3bc069cdc75822c72f43f71b/dblp},
  booktitle = {ECCV (1)},
  crossref = {conf/eccv/2014-1},
  editor = {Fleet, David J. and Pajdla, Tomás and Schiele, Bernt and Tuytelaars, Tinne},
  ee = {http://dx.doi.org/10.1007/978-3-319-10590-1_4},
  interhash = {39ae8bff8e9f795c7436e31c1ecf00ae},
  intrahash = {3ca3d96e3bc069cdc75822c72f43f71b},
  isbn = {978-3-319-10589-5},
  keywords = {dblp},
  pages = {48-64},
  publisher = {Springer},
  series = {Lecture Notes in Computer Science},
  timestamp = {2016-01-13T12:25:01.000+0100},
  title = {Large-Scale Object Classification Using Label Relation Graphs.},
  url = {http://dblp.uni-trier.de/db/conf/eccv/eccv2014-1.html#DengDJFMBLNA14},
  volume = 8689,
  year = 2014
}



@inproceedings{LiuWJJC12,
  added-at = {2016-05-30T00:00:00.000+0200},
  author = {Liu, Wei and Wang, Jun and Ji, Rongrong and Jiang, Yu-Gang and Chang, Shih-Fu},
  biburl = {http://www.bibsonomy.org/bibtex/2a481213d8c2b96f63bac067855649fcb/dblp},
  booktitle = {CVPR},
  crossref = {conf/cvpr/2012},
  isbn = {978-1-4673-1226-4},
  keywords = {dblp},
  pages = {2074-2081},
  publisher = {IEEE Computer Society},
  timestamp = {2016-05-31T13:22:08.000+0200},
  title = {Supervised hashing with kernels.},
  year = 2012
}

@INPROCEEDINGS{fractalkNN,
author={B. B. Chaudhuri and N. Sarkar},
booktitle={[1992] Proceedings. 11th IAPR International Conference on Pattern Recognition},
title={An efficient approach to compute fractal dimension in texture image},
year={1992},
pages={358-361},
keywords={fractals;picture processing;differential box-counting approach;fractal dimension;roughness;self-similarity;shape analysis;texture classification;texture image;texture segmentation;Computer vision;Equations;Fractals;Image processing;Least squares approximation;Least squares methods;Shape;Strips;Surface fitting},
doi={10.1109/ICPR.1992.201575},
month={Aug}}

@inproceedings{conf/cvpr/ShenSLS15,
  added-at = {2016-04-28T00:00:00.000+0200},
  author = {Shen, Fumin and Shen, Chunhua and Liu, Wei and Shen, Heng Tao},
  biburl = {https://www.bibsonomy.org/bibtex/276cc8029b4df0ea9b046066a1668c485/dblp},
  booktitle = {CVPR},]
    isbn = {978-1-4673-6964-0},
  keywords = {dblp},
  pages = {37-45},
  publisher = {IEEE Computer Society},
  timestamp = {2016-04-29T11:54:14.000+0200},
  title = {Supervised Discrete Hashing.},
  year = 2015
}
@article{LeCun,
  author =       "LeCun, Y., Bottou, L., Bengio, Y., Haffner, P.",
  title =        "Gradient-based learning applied to document recognition",
  journal =      " Proceedings of the IEEE",
  volume =       "",
  number =       "86",
  pages =        "2278–-2324",
  year =         "1998",
  DOI =          " "
}

@book{Zeiler,
    author    = "Zeiler, M.D.",
    title     = "Hierarchical convolutional deep learning in computer vision",
    year      = "2013",
    publisher = "PhD thesis",
    address   = "NEW YORK UNIVERSITY"
}

@article{Szegedy,
  author =       "Szegedy, C., Liu, W., Jia, Y., Sermanet, P., Reed, S., Anguelov, D., Erhan,D., Vanhoucke, V., Rabinovich, A.",
  title =        "Going deeper with convolutions",
  journal =      "Proceedings of the IEEE Conference on Computer Vision and Pattern Recognition",
  volume =       "",
  number =       "",
  pages =        "1–-9",
  year =         "2015",
  DOI =          " "
}

@article{Oquab,
  author =       "Oquab, M., Bottou, L., Laptev, I., Sivic, J.",
  title =        "Is object localization for free?-weakly-supervised learning with convolutional neural networks",
  journal =      " Proceedings of the IEEE Conference on Computer Vision and Pattern Recognition",
  volume =       "",
  number =       "",
  pages =        "685–-694",
  year =         "2015",
  DOI =          " "
}

@article{Boureau,
  author =       "Boureau, Y.L., Ponce, J., LeCun, Y.",
  title =        " A theoretical analysis of feature pooling in visual recognition",
  journal =      " Proceedings of the 27th International Conference on Machine Learning",
  volume =       "",
  number =       "",
  pages =        "111-–118",
  year =         "2010",
  DOI =          " "
}

@article{Scherer,
  author =       " Scherer, D., Müller, A., Behnke, S.",
  title =        " Evaluation of pooling operations in convolutional architectures for object recognition",
  journal =      " International Conference on Artificial Neural Networks",
  volume =       "",
  number =       "",
  pages =        "92–-101",
  year =         "2010",
  DOI =          " "
}

@article{Girshick,
  author =       " Girshick, R., Donahue, J., Darrell, T., Malik, J.",
  title =        " Rich feature hierarchies for accurate object detection and semantic segmentation",
  journal =      " Proceedings of the IEEE Conference on Computer Vision and Pattern Recognition",
  volume =       "",
  number =       "",
  pages =        "580-–587",
  year =         "2014",
  DOI =          " "
}

@article{Lin,
  author =       " Lin, M., Chen, Q., Yan, S.",
  title =        " Network in network. arXiv preprint arXiv",
  journal =      " ",
  volume =       "",
  number =       "",
  pages =        "1312.4400",
  year =         "2013",
  DOI =          " "
}

@article{Krizhevsky,
  author =       " Krizhevsky, A., Sutskever, I., Hinton, G.E.",
  title =        " ImageNet classification with deep convolutional neural networks",
  journal =      " Advances in Neural Information Processing Systems",
  volume =       "",
  number =       "",
  pages =        " 1097-–1105",
  year =         "2012",
  DOI =          " "
}

@article{Sermanet,
  author =       " Sermanet, P., Eigen, D., Zhang, X., Mathieu, M., Fergus, R., LeCun, Y.",
  title =        " Overfeat: Integrated recognition, localization and detection using convolutional networks. arXiv preprint arXiv",
  journal =      "",
  volume =       "",
  number =       "",
  pages =        "1312.6229",
  year =         "2013",
  DOI =          " "
}

@article{Deng,
  author =       " Deng, J., Dong, W., Socher, R., Li, L.J., Li, K., Fei-Fei, L.",
  title =        " ImageNet: A large-scale hierarchical image database",
  journal =      "  Proceedings of the IEEE Conference on Computer Vision and Pattern Recognition",
  volume =       "",
  number =       "",
  pages =        "248–255",
  year =         "2009",
  DOI =          " "
}

@article{Simonyan,
  author =       " Simonyan, K., Zisserman, A.",
  title =        " Very deep convolutional networks for largescale image recognition. arXiv preprint arXiv",
  journal =      " ",
  volume =       "",
  number =       "",
  pages =        "1409.1556",
  year =         "2014",
  DOI =          " "
}

@article{Uijlings,
  author =       " Uijlings, J.R., van de Sande, K.E., Gevers, T., Smeulders, A.W.",
  title =        " Selective search for object recognition",
  journal =      " International Journal of Computer Vision",
  volume =       "104",
  number =       "",
  pages =        "154–-171",
  year =         "2013",
  DOI =          " "
}

@article{He,
  author =       " He, K., Zhang, X., Ren, S., Sun, J.",
  title =        " : Spatial pyramid pooling in deep convolutional networks for visual recognition",
  journal =      "  Proceedings of European Conference on Computer Vision",
  volume =       " ",
  number =       "",
  pages =        " 346-–361",
  year =         "2014",
  DOI =          " "
}

@article{Hariharan,
  author =       " Hariharan, B., Arbeláez, P., Girshick, R., Malik, J.",
  title =        " Simultaneous detection and segmentation",
  journal =      "  Proceedings of European Conference on Computer Vision",
  volume =       " ",
  number =       "",
  pages =        " 297-–312",
  year =         "2014",
  DOI =          " "
}

@article{Zhu,
  author =       " Zhu, Y., Urtasun, R., Salakhutdinov, R., Fidler, S.",
  title =        " segdeepm: Exploiting segmentation and context in deep neural networks for object detection.",
  journal =      "  Proceedings of the IEEE Conference on Computer Vision and Pattern Recognition",
  volume =       " ",
  number =       "",
  pages =        " 4703-–4711",
  year =         "2015",
  DOI =          " "
}

@article{Zhang,
  author =       " Zhang, Y., Sohn, K., Villegas, R., Pan, G., Lee, H.",
  title =        "Improving object detection with deep convolutional networks via bayesian optimization and structured prediction",
  journal =      "  Proceedings of the IEEE Conference on Computer Vision and Pattern Recognition",
  volume =       " ",
  number =       "",
  pages =        " 249–-258",
  year =         "2015",
  DOI =          " "
}

@article{GirshickR,
  author =       " Girshick, R.",
  title =        "Fast R-CNN",
  journal =      "  Proceedings of the IEEE International Conference on Computer Vision",
  volume =       " ",
  number =       "",
  pages =        " 1440–-1448",
  year =         "2015",
  DOI =          " "
}

@article{Ren,
  author =       " Ren, S., He, K., Girshick, R., Sun, J.",
  title =        " Faster R-CNN: Towards real-time object detection with region proposal networks",
  journal =      "  Advances in Neural Information Processing Systems",
  volume =       " ",
  number =       "",
  pages =        " 91–-99",
  year =         "2015",
  DOI =          " "
}

@article{Gong,
  author =       " Gong, Y., Wang, L., Guo, R., Lazebnik, S.",
  title =        " Multi-scale orderless pooling of deep convolutional activation features",
  journal =      " Proceedings of European Conference on Computer Vision",
  volume =       " ",
  number =       "",
  pages =        "392–-407",
  year =         "2014",
  DOI =          " "
}

@article{Liu,
  author =       " Liu, Y., Guo, Y., Wu, S., Lew, M.S.",
  title =        " Deepindex for accurate and efficient image retrieval",
  journal =      " : Proceedings of the 5th ACM on International Conference on Multimedia Retrieval",
  volume =       " ",
  number =       "",
  pages =        "43–-50",
  year =         "2015",
  DOI =          " "
}

@article{Sharif,
  author =       " Sharif Razavian, A., Azizpour, H., Sullivan, J., Carlsson, S.",
  title =        " Cnn features off-the-shelf: an astounding baseline for recognition",
  journal =      " : Proceedings of the IEEE Conference on Computer Vision and Pattern Recognition Workshops",
  volume =       " ",
  number =       "",
  pages =        "806--813",
  year =         "2014",
  DOI =          " "
}

@article{Wan,
  author =       " Wan, J., Wang, D., Hoi, S.C.H., Wu, P., Zhu, J., Zhang, Y., Li, J.",
  title =        " Deep learning for content-based image retrieval: A comprehensive study",
  journal =      " : Proceedings of the 22nd ACM International Conference on Multimedia,ACM",
  volume =       " ",
  number =       "",
  pages =        "157--166",
  year =         "2014",
  DOI =          " "
}

@article{Sun,
  author =       " Sun, S., Zhou, W., Li, H., Tian, Q.",
  title =        " Search by detection: Object-level feature for image retrieval",
  journal =      " : Proceedings of International Conference on Internet Multimedia Computing and Service",
  volume =       " ",
  number =       "",
  pages =        "46",
  year =         "2014",
  DOI =          " "
}

@article{Babenko,
  author =       " Babenko, A., Slesarev, A., Chigorin, A., Lempitsky, V.",
  title =        "Neural codes for image retrieval",
  journal =      " Proceedings of European Conference on Computer Vision",
  volume =       " ",
  number =       "",
  pages =        " 584--599",
  year =         "2014",
  DOI =          " "
}

@article{RazavianAS,
  author =       " Razavian, A.S., Sullivan, J., Maki, A., Carlsson, S.",
  title =        " A baseline for visual instance retrieval with deep convolutional networks. arXiv preprint arXiv",
  journal =      " Proceedings of European Conference on Computer Vision",
  volume =       " ",
  number =       "",
  pages =        " 1412.6574",
  year =         "2014",
  DOI =          " "
}

@article{BabenkoA,
  author =       " Babenko, A., Lempitsky, V.",
  title =        " Aggregating local deep features for image retrieval",
  journal =      " Proceedings of the IEEE International Conference on Computer Vision",
  volume =       " ",
  number =       "",
  pages =        " 1269--1277",
  year =         "2015",
  DOI =          " "
}

@article{ZhengS,
  author =       " Zheng, S., Jayasumana, S., Romera-Paredes, B., Vineet, V., Su, Z., Du, D.,Huang, C., Torr, P.H.",
  title =        " Conditional random fields as recurrent neural networks",
  journal =      " Proceedings of the IEEE International Conference on Computer Vision",
  volume =       " ",
  number =       "",
  pages =        " 1529--1537",
  year =         "2015",
  DOI =          " "
}

@article{LiuZ,
  author =       " Liu, Z., Li, X., Luo, P., Loy, C.C., Tang, X.",
  title =        " Semantic image segmentation via deep parsing network",
  journal =      " Proceedings of the IEEE International Conference on Computer Vision",
  volume =       " ",
  number =       "",
  pages =        " 1377--1385",
  year =         "2015",
  DOI =          " "
}

@article{Long,
  author =       "Long, J., Shelhamer, E., Darrell, T.",
  title =        " Fully convolutional networks for semantic segmentation",
  journal =      " Proceedings of the IEEE Conference on Computer Vision and Pattern Recognition",
  volume =       " ",
  number =       "",
  pages =        " 3431--3440",
  year =         "2015",
  DOI =          " "
}

@article{ChenLC,
  author =       "Chen, L.C., Papandreou, G., Kokkinos, I., Murphy, K., Yuille, A.L.",
  title =        " Semantic image segmentation with deep convolutional nets and fully connected crfs. arXiv preprint arXiv",
  journal =      "",
  volume =       " ",
  number =       "",
  pages =        "1412.7062",
  year =         "2014",
  DOI =          " "
}

@article{LinG,
  author =       " Lin, G., Shen, C., Reid, I., et al.",
  title =        "  Efficient piecewise training of deep structured models for semantic segmentation. arXiv preprint arXiv",
  journal =      "",
  volume =       " ",
  number =       "",
  pages =        "1504.01013",
  year =         "2015",
  DOI =          " "
}

@article{Toshev,
  author =       " Toshev, A., Szegedy, C.",
  title =        "  Deeppose: Human pose estimation via deep neural networks",
  journal =      " Proceedings of the IEEE Conference on Computer Vision and Pattern Recognition",
  volume =       " ",
  number =       "",
  pages =        " 1653--1660",
  year =         "2014",
  DOI =          " "
}

@article{Li,
  author =       " Li, H., Lin, Z., Shen, X., Brandt, J., Hua, G.",
  title =        " A convolutional neural network cascade for face detection",
  journal =      " Proceedings of the IEEE Conference on Computer Vision and Pattern Recognition",
  volume =       " ",
  number =       "",
  pages =        " 5325--5334",
  year =         "2015",
  DOI =          " "
}

@article{Tompson,
  author =       " Tompson, J.J., Jain, A., LeCun, Y., Bregler, C.",
  title =        " Joint training of a convolutional network and a graphical model for human pose estimation",
  journal =      " Advances in Neural Information Processing Systems",
  volume =       " ",
  number =       "",
  pages =        " 1799--1807",
  year =         "2014",
  DOI =          " "
}

@article{TompsonJ,
  author =       " Tompson, J., Goroshin, R., Jain, A., LeCun, Y., Bregler, C.",
  title =        " Efficient object localization using convolutional networks",
  journal =      "  Proceedings of the IEEE Conference on Computer Vision and Pattern Recognition",
  volume =       " ",
  number =       "",
  pages =        " 648--656",
  year =         "2015",
  DOI =          " "
}

@article{Fan,
  author =       "Fan, X., Zheng, K., Lin, Y., Wang, S.",
  title =        " Combining local appearance and holistic view: Dual-source deep neural networks for human pose estimation",
  journal =      "  Proceedings of the IEEE Conference on Computer Vision and Pattern Recognition",
  volume =       " ",
  number =       "",
  pages =        " 1347--1355",
  year =         "2015",
  DOI =          " "
}

@article{ChenX,
  author =       "Chen, X., Yuille, A.L.",
  title =        " Articulated pose estimation by a graphical model with image dependent pairwise relations",
  journal =      "  Advances in Neural Information Processing Systems",
  volume =       " ",
  number =       "",
  pages =        " 1736--1744",
  year =         "2014",
  DOI =          " "
}



@misc{knuthwebsite,
    author    = "Girshick, R.",
    title     = "Knuth: Computers and Typesetting",
    url       = "http://www-cs-faculty.stanford.edu/\~{}uno/abcde.html"
}



@incollection{Fayyad:1996:DMK:257938.257942,
 author = {Fayyad, Usama M. and Piatetsky-Shapiro, Gregory and Smyth, Padhraic},
 title = {From data mining to knowledge discovery: an overview},
 booktitle = {Advances in knowledge discovery and data mining},
 year = {1996},
 pages = {1--34},
 publisher = {American Association for Artificial Intelligence},
}

@book{Aho:72,
    author  = {Alfred V. Aho and Jeffrey D. Ullman},
    title   = {The Theory of Parsing, Translation and Compiling},
    year    = "1972",
    volume  = "1",
    publisher = {Prentice-Hall},
    address = {Englewood Cliffs, NJ}
}

@book{APA:83,
    author  = {{American Psychological Association}},
    title   = {Publications Manual},
    year    = "1983",
   publisher = {American Psychological Association},
   address = {Washington, DC}
}

@article{ACM:83,
	author = {Association for Computing Machinery},
	year = "1983",
	journal = {Computing Reviews},
	volume = "24",
	number = "11",
	pages = "503--512"
}

@article{Chandra:81,
	author = {Ashok K. Chandra and Dexter C. Kozen and Larry J. Stockmeyer},
	year = "1981",
	title = {Alternation},
	journal = {Journal of the Association for Computing Machinery},
	volume = "28",
	number = "1",
	pages = "114--133",
	doi = "10.1145/322234.322243",
}

@book{Gusfield:97,
    author  = {Dan Gusfield},
    title   = {Algorithms on Strings, Trees and Sequences},
    year    = "1997",
    publisher = {Cambridge University Press},
    address = {Cambridge, UK}
}

@InProceedings{P16-1001,
  author =	"Goodman, James
  	 and Vlachos, Andreas
	     and Naradowsky, Jason",
  title =    "Noise reduction and targeted exploration in imitation learning for      Abstract Meaning Representation parsing    ",
  booktitle = 	    "Proceedings of the 54th Annual Meeting of the Association for      Computational Linguistics (Volume 1: Long Papers)    ",
  year =    "2016",
  publisher =	"Association for Computational Linguistics",
  pages =   "1--11",
  location =	"Berlin, Germany",
  doi =    "10.18653/v1/P16-1001",
  url =    "http://aclweb.org/anthology/P16-1001"
}

@InProceedings{C14-1001,
  author =	"Harper, Mary",
  title = 	"Learning from 26 Languages: Program Management and Science in the Babel Program",
  booktitle = 	"Proceedings of COLING 2014, the 25th International Conference on Computational Linguistics: Technical Papers",
  year =    "2014",
  publisher =	"Dublin City University and Association for Computational Linguistics",
  pages =   "1",
  location =	"Dublin, Ireland",
  url =    "http://aclweb.org/anthology/C14-1001"
}
@inproceedings{jegou2012anti,
  title={Anti-sparse coding for approximate nearest neighbor search},
  author={J{\'e}gou, Herv{\'e} and Furon, Teddy and Fuchs, Jean-Jacques},
  booktitle={Acoustics, Speech and Signal Processing (ICASSP), 2012 IEEE International Conference on},
  pages={2029--2032},
  year={2012},
  organization={IEEE}
}
@article{sablayrolles2016should,
  title={How should we evaluate supervised hashing?},
  author={Sablayrolles, Alexandre and Douze, Matthijs and J{\'e}gou, Herv{\'e} and Usunier, Nicolas},
  journal={arXiv preprint arXiv:1609.06753},
  year={2016}
}
