
@STRING{aaai = {Proceedings of the National Conference on Artificial Intelligence}}

@STRING{acmgis = {Proceedings of the ACM International Symposium on Advances in Geographic Information Systems}}

@STRING{adbis = {Proceedings of the Symposium on Advances in Databases and Information Systems}}

@STRING{ai = {Artificial Inteligence}}

@STRING{cacm = {Communications of the ACM}}

@STRING{cikm = {Proceedings of the International Conference on Information and Knowledge Engineering}}

@STRING{computer = {IEEE Computer}}

@STRING{computernetw = {Computer Networks}}

@STRING{computingsurveys = {ACM Computing Surveys}}

@STRING{dasfaa = {Proceedings of the International Conference on Database Systems for Advanced Applications}}

@STRING{dawak = {Proceedings of the Data Warehousing and Knowledge Discovery}}

@STRING{dcc = {Proceedings of the Data Compression Conference}}

@STRING{dexa = {Proceedings of the International Conference on Database and Expert Systems Applications}}

@STRING{dke = {Data \& Knowledge Engineeering}}

@STRING{doceng = {Proceedings of the ACM Symposium on Document Engineering}}

@STRING{dood = {Proceedings of the International Conference Deductive and Object-Oriented Databases}}

@STRING{dpd = {Distributed and Parallel Databases}}

@STRING{ecdl = {Proceedings of the European Conference on Research and Advanced Technology for Digital Libraries}}

@STRING{ecir = {Proceedings of the European Conference on Information Retrieval}}

@STRING{edbt = {Proceedings of the International Conference on Extending Database Technology}}

@STRING{eextt = {Proceedings of the VLDB Workshop on Efficiency and Effectiveness of XML Tools, and Techniques}}

@STRING{er = {Proceedings of the International Conference on Conceptual Modeling}}

@STRING{fse = {Proceedings of the ACM SIGSOFT Conference on the Foundations of Software Engineering}}

@STRING{geoinfo = {Proceedings of the Brazilian Symposium on GeoInformatics}}

@STRING{icde = {Proceedings of the IEEE International Conference on Data Engineering}}

@STRING{icdebulletin = {IEEE Data Engineering Bulletin}}

@STRING{icdt = {Proceedings of the International Conference on Database Theory}}

@STRING{icdm = {Proceedings of the IEEE International Conference on Data Mining}}

@STRING{icml = {Proceedings of the International Conference on Machine Learning}}

@STRING{infosys = {Information Systems}}

@STRING{ipm = {Information Processing and Management}}

@STRING{jbcs = {Journal of the Brazilian Computer Society}}

@STRING{jcdl = {Proceedings of the ACM IEEE Joint Conference on Digital Libraries}}

@STRING{jep = {Journal of Electronic Publishing}}

@STRING{jidm = {Journal of Information and Data Management}}

@STRING{jiis = {Journal of Intelligent Information Systems}}

@STRING{jucs = {Journal of Universal Computer Science}}

@STRING{kdd = {Proceedings of the ACM SIGKDD International Conference on Knowledge Discovery and Data Mining}}

@STRING{mobilesearch = {Proceedings of the WWW Workshop on Mobile Search}}

@STRING{odbase = {Proceedings of the International Conference on Ontologies, Databases and Applications of Semantics}}

@STRING{oopsla = {Proceedings of the Annual ACM Conference on Object-Oriented Programing Systems, Languages and Applications}}

@STRING{pkdd = {Proceedings of the European Conference on Principles and Practice of Knowledge Discovery in Databases}}

@STRING{pods = {Proceedings of the ACM Symposium on Principles of Database Systems}}

@STRING{pvldb = {Proceedings of the VLDB Endowment}}

@STRING{sac = {Proceedings of the ACM Symposium on Applied Computing}}

@STRING{sbbd = {Proceedings of the Brazilian Symposium on Databases}}

@STRING{seke = {Proceedings of the International Conference on Software Engineering and Knowledge Engineering}}

@STRING{sigir = {Proceedings of the International ACM SIGIR Conference on Research \& Development of Information Retrieval}}

@STRING{sigmod = {Proceedings of the ACM SIGMOD International Conference on Management of Data Conference}}

@STRING{sigmodrecord = {SIGMOD Record}}

@STRING{ssdbm = {Proceedings of the International Conference on Scientific and Statistical Databases Management}}

@STRING{sstd = {Proceedings of the Internationa Symposium on Spatial and Temporal Databases}}

@STRING{time = {Proceedings of the International Symposium on Temporal Representation and Reasoning}}

@STRING{tkdd = {ACM Transactions on Knowledge Discovery from Data}}

@STRING{tkde = {IEEE Transactions on Knowledge and Data Engineering}}

@STRING{tods = {ACM Transactions on Database Systems }}

@STRING{tois = {ACM Transactions on Information Systems}}

@STRING{tse = {Transactions on Software Engineering}}

@STRING{uai = {Proceedings of the Conference in Uncertainty in Artificial Intelligence}}

@STRING{vldb = {Proceedings of the International Conference on Very Large Data Bases}}

@STRING{vldbj = {The VLDB Journal}}

@STRING{webdb = {Proceedings of the Workshop on Web and Databases}}

@STRING{webmedia = {Proceedings of the Brazilian Symposium on Multimedia and the Web}}

@STRING{www = {Proceedings of the International World Wide Web Conferences}}

@STRING{wwwposter = {Proceedings of the International World Wide Web Conferences, Poster session}}

@STRING{xsym = {Proceedings of XML Database Symposium}}


@inproceedings{VPT,
 author = {Peter N. Yianilos},
 title = {Data structures and algorithms for nearest neighbor search in general metric spaces},
 booktitle = {Proceedings of the fourth annual ACM-SIAM Symposium on Discrete algorithms},
 year = {1993},
 isbn = {0-89871-313-7},
 pages = {311--321},
 location = {Austin, Texas, United States},
 address = {Philadelphia, PA, USA}
 }

@inproceedings{DBMTree,
  author = {Marcos R. Vieira and Caetano Traina Jr. and Fabio Jun Takada Chino and Agma J. M. Traina},
  title = {{D}{B}{M}-Tree: A Dynamic Metric Access Method Sensitive to Local Density Data},
  booktitle = sbbd,
  year = {2004},
  pages = {163-177},
  address = {Bras\'{\i}lia, Brasil}
}

@article{citeulike:fractal:encoders,
title = "Chapter 7 {F}ractal dimension",
journal = "Mathematics in Science and Engineering",
volume = "209",
number = "",
pages = "167 - 218",
year = "2007",
note = "{L}-System Fractals",
issn = "0076-5392",
author = "",

}




 @inproceedings{lsh_hamming,
 author = {Aristides Gionis and Piotr Indyk and Rajeev Motwani},
 title = {Similarity Search in High Dimensions via Hashing},
 booktitle = vldb,
 year = {1999},
 pages = {518--529},
 address = {San Francisco, CA, USA}
 }
@INPROCEEDINGS{fractalkNN, 
author={B. B. Chaudhuri and N. Sarkar}, 
booktitle={[1992] Proceedings. 11th IAPR International Conference on Pattern Recognition}, 
title={An efficient approach to compute fractal dimension in texture image}, 
year={1992}, 
pages={358-361}, 
keywords={fractals;picture processing;differential box-counting approach;fractal dimension;roughness;self-similarity;shape analysis;texture classification;texture image;texture segmentation;Computer vision;Equations;Fractals;Image processing;Least squares approximation;Least squares methods;Shape;Strips;Surface fitting}, 
doi={10.1109/ICPR.1992.201575}, 
month={Aug}}

@inproceedings{conf/cvpr/ShenSLS15,
  added-at = {2016-04-28T00:00:00.000+0200},
  author = {Shen, Fumin and Shen, Chunhua and Liu, Wei and Shen, Heng Tao},
  biburl = {https://www.bibsonomy.org/bibtex/276cc8029b4df0ea9b046066a1668c485/dblp},
  booktitle = {CVPR},
  crossref = {conf/cvpr/2015},
  isbn = {978-1-4673-6964-0},
  keywords = {dblp},
  pages = {37-45},
  publisher = {IEEE Computer Society},
  timestamp = {2016-04-29T11:54:14.000+0200},
  title = {Supervised Discrete Hashing.},
  year = 2015
}




@inproceedings{lsh,
 author = {Datar, Mayur and Immorlica, Nicole and Indyk, Piotr and Mirrokni, Vahab S.},
 title = {Locality-sensitive hashing scheme based on p-stable distributions},
 booktitle = {Proceedings of the Twentieth annual Symposium on Computational Geometry},
 year = {2004},
 pages = {253--262},
 address = {Brooklyn, New York, USA}
 }

 @inproceedings{multiprobe,
 author = {Lv,, Qin and Josephson,, William and Wang,, Zhe and Charikar,, Moses and Li,, Kai},
 title = {Multi-probe {L}{S}{H}: efficient indexing for high-dimensional similarity search},
 booktitle = vldb,
 year = {2007},
 pages = {950--961},
 address = {Vienna, Austria}
 }

 @inproceedings{modelinglsh,
 author = {Dong, Wei and Wang, Zhe and Josephson, William and Charikar, Moses and Li, Kai},
 title = {Modeling {L}{S}{H} for performance tuning},
 booktitle = cikm,
 year = {2008},
 pages = {669--678},
 address = {Napa Valley, California, USA}
}

@ARTICLE{itq, 
author={Y. Gong and S. Lazebnik and A. Gordo and F. Perronnin}, 
journal={IEEE Transactions on Pattern Analysis and Machine Intelligence}, 
title={Iterative Quantization: A Procrustean Approach to Learning Binary Codes for Large-Scale Image Retrieval}, 
year={2013}, 
volume={35}, 
number={12}, 
pages={2916-2929}, 
keywords={binary codes;image coding;image retrieval;iterative methods;CCA;ITQ;ImageNet data set;PCA;Procrustean approach;canonical correlation analysis;classemes;dubbed iterative quantization;large scale image collections;large scale image retrieval;learning binary attributes;minimization algorithm;nonlinear kernel mapping;orthogonal Procrustes problem;quantization error;similarity preserving binary codes learning;similarity search;spectral clustering;supervised embeddings;unsupervised data embeddings;zero centered binary hypercube;zero centered data;Binary codes;Encoding;Iterative methods;Linear programming;Principal component analysis;Quantization;Large-scale image search;binary codes;hashing;quantization}, 
doi={10.1109/TPAMI.2012.193}, 
ISSN={0162-8828}, 
month={Dec},}

@INPROCEEDINGS{lopq, 
author={Y. Kalantidis and Y. Avrithis}, 
booktitle={2014 IEEE Conference on Computer Vision and Pattern Recognition}, 
title={Locally Optimized Product Quantization for Approximate Nearest Neighbor Search}, 
year={2014}, 
pages={2329-2336}, 
keywords={computer vision;search problems;statistical distributions;ANN search;PQ;approximate nearest neighbor search;computer vision;data structure;locally optimized product quantization;normal distribution;vector quantizer;Artificial neural networks;Eigenvalues and eigenfunctions;Encoding;Indexes;Optimization;Quantization (signal);Vectors;SIFT1B;approximate nearest neighbor search;locally optimized product quantization;multi-index;product quantization}, 
doi={10.1109/CVPR.2014.298}, 
ISSN={1063-6919}, 
month={June},}

 @inproceedings{lshforest,
 author = {Bawa, Mayank and Condie, Tyson and Ganesan, Prasanna},
 title = {{L}{S}{H} forest: self-tuning indexes for similarity search},
 booktitle = {Proceedings of the 14th international conference on World Wide Web},
 year = {2005},
 pages = {651--660},
 address = {Chiba, Japan}
 }

@inproceedings{MTree,
  author = {Paolo Ciaccia and Marco Patella and Pavel Zezula},
  title = {{M}-Tree: An Efficient Access Method for Similarity Search in Metric Spaces},
  booktitle = vldb,
  year = {1997},
  pages = {426--435},
  address = {San Francisco, CA, USA}
}

@inproceedings{dftree,
 author = {Traina,Jr., Caetano and Traina,, Agma and Filho,, Roberto Santos and Faloutsos,, Christos},
 title = {How to improve the pruning ability of dynamic metric access methods},
 booktitle = cikm,
 year = {2002},
 pages = {219--226},
 address = {McLean, Virginia, USA}
 }


@inproceedings{RTreeOriginal,
 author = {Guttman, Antonin},
 title = {{R}-Trees: a dynamic index structure for spatial searching},
 booktitle = sigmod,
 year = {1984},
 pages = {47--57},
 address = {New York, NY, USA}
 }

@inproceedings{rplustree,
    author = {Timos Sellis and Nick Roussopoulos and Christos Faloutsos},
    title = {The {R}+-Tree: A Dynamic Index for Multi-Dimensional Objects},
    booktitle = vldb,
    year = {1987},
    pages = {507--518},
	address = {New York, NY, USA}
}


@inproceedings{xtree,
 author = {Stefan Berchtold and Daniel A. Keim and Hans-Peter Kriegel},
 title = {The {X}-Tree: An Index Structure for High-Dimensional Data},
 booktitle = vldb,
 year = {1996},
 pages = {28--39},
 address = {San Francisco, CA, USA}
 }
@INPROCEEDINGS{lshhashfile,
author={Dongxiang Zhang and Agrawal, D. and Gang Chen and Tung, A.K.H.},
title={HashFile: An efficient index structure for multimedia data},
booktitle= icde,
year={2011},
pages={1103 -1114},
address={Hannover, Germany}
}

@article{DBLP:journals/jidm/TrainaTWF10,
  author    = {Caetano Traina Jr. and
               Agma J. M. Traina and
               Leejay Wu and
               Christos Faloutsos},
  title     = {Fast feature selection using fractal dimension},
  journal   = {JIDM},
  volume    = {1},
  number    = {1},
  year      = {2010},
  pages     = {3-16},
  ee        = {http://seer.lcc.ufmg.br/index.php/jidm/article/view/4},
  bibsource = {DBLP, http://dblp.uni-trier.de}
}

@INPROCEEDINGS{scalablelsh,
author={Yuk Man Wong and Hoi, S.C.H. and Lyu, M.R.},
title={An Empirical Study on Large-Scale Content-Based Image Retrieval},
booktitle={Multimedia and Expo, 2007 IEEE International Conference},
year={2007},
pages={2206 -2209}
}


@inproceedings{linearHashing,
 author = {Litwin, Witold},
 title = {Linear Hashing: a new tool for file and table addressing},
 booktitle = {Readings in database systems},
 year = {1988},
 pages = {570--581},
 address = {San Francisco, CA, USA}
 }
@INPROCEEDINGS{Faloutsos00spatialjoin,
    author = {Christos Faloutsos and Bernhard Seeger and Agma Traina and Caetano Traina},
    title = {Spatial Join Selectivity Using Power Laws},
    booktitle = sigmod,
    year = {2000},
    pages = {177--188},
	address = {Dallas, USA}
}

 @inproceedings{Jr.:2000:DEN:846219.847351,
 author = {Traina, C. Jr., Traina, A.J.M., Faloutsos, C.},
 title = {Distance Exponent: A New Concept for Selectivity Estimation in Metric Trees},
 booktitle = {Research Paper CMU-CS-99-110, Carnegie Mellon University - School of Computer Science},
 year = {1999}
 address = { Pittsburgh-PA USA},
}


@inproceedings{LSB,
 author = {Tao, Yufei and Yi, Ke and Sheng, Cheng and Kalnis, Panos},
 title = {Quality and efficiency in high dimensional nearest neighbor search},
 booktitle = sigmod,
 year = {2009},
 pages = {563--576},
 address = {Providence, Rhode Island, USA}
 }

@INPROCEEDINGS{kNNUsingCUDA,
author={Garcia, V. and Debreuve, E. and Barlaud, M.},
booktitle={Computer Vision and Pattern Recognition Workshops, 2008. CVPRW '08. IEEE Computer Society Conference on},
title={Fast k nearest neighbor search using GPU},
year={2008},
pages={1 -6},
address = {Anchorage, UK, USA}
}


 @inbook{databaseSystems,
 chapter = {Index Structures},
 pages = {649--660},
 title = {Database Systems: The Complete Book},
 publisher = {Prentice Hall PTR},
 year = {2001},
 author = {Ullman, Jeffrey D. and Garcia-Molina, Hector and Widom, Jennifer},
 address = {Upper Saddle River, NJ, USA}
 }

 @inbook{LSHBook,
 chapter = { Locality-Sensitive Hashing Using Stable Distributions},
 pages = {55--67},
 author = {Shakhnarovich, Gregory and Darrell, Trevor and Indyk, Piotr},
 title = {Nearest-Neighbor Methods in Learning and Vision: Theory and Practice},
 year = {2006},
 publisher = {The MIT Press},
}

@inbook{cudaBook,
 author = {Kirk and W. Hwu},
 chapter = { CUDA Threads},
 title = {Programming Massively Parallel Processors},
 year = {2010},
 publisher = {Elsevier Inc.}
}


@article{Zhou:2008:RKC:1409060.1409079,
 author = {Zhou, Kun and Hou, Qiming and Wang, Rui and Guo, Baining},
 title = {Real-time KD-tree construction on graphics hardware},
 journal = {ACM Transactions on Graphics},
 volume = {27},
 number = {5},
 year = {2008},
 pages = {126:1--126:11},
 }


@article{rstartree,
 author = {Norbert Beckmann and Hans-Peter Kriegel and Ralf Schneider and Bernhard Seeger},
 title = {The {R}*-Tree: An efficient and robust access method for points and rectangles},
 journal = sigmodrecord,
 volume = {19},
 number = {2},
 year = {1990},
 pages = {322--331}
 }

@article{Gaede98multidimensional,
 author  = {Volker Gaede and Oliver Gunther},
 title   = {Multidimensional {A}ccess {M}ethods},
 year    = {1998},
 journal = computingsurveys,
 volume  = {30},
 number  = {2},
 pages   = {170--231}
}

@article{hashing_algoritghms_survey,
 author = {Alexandr Andoni and Piotr Indyk},
 title = {Near-optimal hashing algorithms for approximate nearest neighbor in high dimensions},
 journal = cacm,
 volume = {51},
 number = {1},
 year = {2008},
 pages = {117--122},
 address = {New York, NY, USA}
 }

 @article{cit:indexDriven,
 author = {Hjaltason, Gisli R. and Samet, Hanan},
 title = {Index-driven similarity search in metric spaces},
 journal = tods,
 volume = {28},
 number = {4},
 year = {2003},
 pages = {517--580}
 }

@article{kdt,
 author    = {Jon Louis Bentley},
 title     = {Multidimensional Binary Search Trees in Database Applications},
 journal   = tse,
 volume    = {5},
 number    = {4},
 year      = {1979},
 pages     = {333-340}
 }

 @article{SATree,
  author = {Gonzalo Navarro},
  title = {Searching in metric spaces by spatial approximation},
  journal = vldbj,
  year = {2002},
  volume = {11},
  pages = {28--46},
  number = {1}
 }

@article{cit:avez99searching,
 author = {Ch\'{a}vez, Edgar and Navarro, Gonzalo and Baeza-Yates, Ricardo and Marroqu\'{\i}n, Jos\'{e} Luis},
 title = {Searching in metric spaces},
 journal = computingsurveys,
 volume = {33},
 number = {3},
 year = {2001},
 pages = {273--321}
 }


@article{aleman_high_dimensional,
 author = {Christian B\"{o}hm and Stefan Berchtold and Daniel A. Keim},
 title = {Searching in high-dimensional spaces: Index structures for improving the performance of multimedia databases},
 journal = computingsurveys,
 volume = {33},
 number = {3},
 year = {2001},
 pages = {322--373},
}

@article{SlimTree,
 author = {Traina,Jr., C. and Traina, A. and Faloutsos, C. and Seeger, B.},
 title = {Fast Indexing and Visualization of Metric Data Sets using {S}lim-Trees},
 journal = tkde,
 volume = {14},
 number = {2},
 year = {2002},
 pages = {244--260}
 }
@article{lshtutorial,
 author = {M. Slaney and M. Casey},
 title = {Locality-Sensitive Hashing for Finding Nearest Neighbors [Lecture Notes]},
 journal = {IEEE Signal Processing Magazine},
 volume = {25},
 number = {2},
 year = {2008},
 pages = {128-131}
}

@article{correlationquery,
author = {Alberto Belussi and Christos  Faloutsos},
title = {Estimating the Selectivity of  Spatial Querys Using the Correlation Fractal Dimension},
journal = {IEEE Signal Processing Magazine},
volume = {23},
number = {2},
year = {1995},
pages = {128-131}
}

@article{WhatsWrong,
 author = {Blott, Stephen and Weber, Roger},
 title = {What's wrong with high-dimensional similarity search?},
 journal = pvldb,
 volume = {1},
 number = {1},
 year = {2008},
 pages = {3--3},
 }

@inproceedings{VPT,
 author = {Peter N. Yianilos},
 title = {Data structures and algorithms for nearest neighbor search in general metric spaces},
 booktitle = {Proceedings of the fourth annual ACM-SIAM Symposium on Discrete algorithms},
 year = {1993},
 isbn = {0-89871-313-7},
 pages = {311--321},
 location = {Austin, Texas, United States},
 address = {Philadelphia, PA, USA}
 }



@article{Ploj2014180,
title = "Border Pairs Method—constructive \{MLP\} learning classification algorithm ",
journal = "Neurocomputing ",
volume = "126",
number = "",
pages = "180 - 187",
year = "2014",
note = "Recent trends in Intelligent Data AnalysisOnline Data ProcessingSelected papers of the The 6th International Conference on Hybrid Artificial Intelligence Systems (HAIS 2011)Including a selection of papers from the International Conference on Adaptive and Intelligent Systems 2011 (ICAIS 2011) ",
issn = "0925-2312",
doi = "http://dx.doi.org/10.1016/j.neucom.2013.03.026",
url = "http://www.sciencedirect.com/science/article/pii/S0925231213005079",
author = "Bojan Ploj and Robert Harb and Milan Zorman",
keywords = "Artificial intelligence",
keywords = "Machine learning",
keywords = "Algorithm",
keywords = "Multilayer perceptron",
keywords = "Constructive neural network",
keywords = "Border pairs method "
}

@article{Faloutsos:2000:SJS:335191.335412,
 author = {Faloutsos, Christos and Seeger, Bernhard and Traina, Agma and Traina,Jr., Caetano},
 title = {Spatial Join Selectivity Using Power Laws},
 journal = {SIGMOD Rec.},
 issue_date = {June 2000},
 volume = {29},
 number = {2},
 month = may,
 year = {2000},
 issn = {0163-5808},
 pages = {177--188},
 numpages = {12},
 publisher = {ACM},
 address = {New York, NY, USA},
} 
@inproceedings{citeulike:891221,
    abstract = {{Dimensionalitycurse and dimensionality reduction are two issues that have retained high interest for data mining, machine learning, multimedia indexing, and clustering. We present a fast, scalable algorithm to quickly select the most important attributes (dimensions) for a given set of n-dimensional vectors. In contrast to older methods, our method has the following desirable properties: (a) it does not do rotation of attributes, thus leading to easy interpretation of the resulting attributes;...}},
    author = {Traina, Caetano and Traina, Agma and Wu, Leejay and Faloutsos, Christos},
    booktitle = {XV Simposio Brasileiro de Banco de Dados},
    citeulike-article-id = {891221},
    citeulike-linkout-0 = {http://citeseerx.ist.psu.edu/viewdoc/summary?doi=10.1.1.31.6095},
    keywords = {dimensionality\_reduction, feature\_selection, nonlinear},
    posted-at = {2008-07-17 18:06:51},
    priority = {3},
    title = {{Fast feature selection using the fractal dimension}},
    url = {http://citeseerx.ist.psu.edu/viewdoc/summary?doi=10.1.1.31.6095},
    year = {2000}
}



@article{10.1109/ICDE.2000.839409,
author = {Agma J.M. Traina, and Caetano Traina Jr., and Christos Faloutsos, },
title = {Distance Exponent: A New Concept for Selectivity Estimation in Metric Trees},
journal = {2013 IEEE 29th International Conference on Data Engineering (ICDE)},
volume = {00},
number = {},
issn = {1063-6382},
year = {2000},
pages = {195},
doi = {doi.ieeecomputersociety.org/10.1109/ICDE.2000.839409},
publisher = {IEEE Computer Society},
address = {Los Alamitos, CA, USA},
}

@inproceedings{Belussi:1995:ESS:645921.673166,
 author = {Belussi, Alberto and Faloutsos, Christos},
 title = {Estimating the Selectivity of Spatial Queries Using the `Correlation' Fractal Dimension},
 booktitle = {Proceedings of the 21th International Conference on Very Large Data Bases},
 series = {VLDB '95},
 year = {1995},
 isbn = {1-55860-379-4},
 pages = {299--310},
 numpages = {12},
 publisher = {Morgan Kaufmann Publishers Inc.},
 address = {San Francisco, CA, USA},
} 

@inproceedings{Xia:2014:SHI:2892753.2892851,
 author = {Xia, Rongkai and Pan, Yan and Lai, Hanjiang and Liu, Cong and Yan, Shuicheng},
 title = {Supervised Hashing for Image Retrieval via Image Representation Learning},
 booktitle = {Proceedings of the Twenty-Eighth AAAI Conference on Artificial Intelligence},
 series = {AAAI'14},
 year = {2014},
 location = {Qu\&\#233;bec City, Qu\&\#233;bec, Canada},
 pages = {2156--2162},
 numpages = {7},
 url = {http://dl.acm.org/citation.cfm?id=2892753.2892851},
 acmid = {2892851},
 publisher = {AAAI Press},
} 

@article{DBLP:journals/corr/YosinskiCBL14,
  author    = {Jason Yosinski and
               Jeff Clune and
               Yoshua Bengio and
               Hod Lipson},
  title     = {How transferable are features in deep neural networks?},
  journal   = {CoRR},
  volume    = {abs/1411.1792},
  year      = {2014},
  timestamp = {Mon, 01 Dec 2014 14:32:13 +0100},
}

@article{DBLP:journals/corr/LaiPLY15,
  author    = {Hanjiang Lai and
               Yan Pan and
               Ye Liu and
               Shuicheng Yan},
  title     = {Simultaneous Feature Learning and Hash Coding with Deep Neural Networks},
  journal   = {CoRR},
  volume    = {abs/1504.03410},
  year      = {2015},
  url       = {http://arxiv.org/abs/1504.03410},
  timestamp = {Sat, 02 May 2015 17:50:32 +0200},
  biburl    = {http://dblp.uni-trier.de/rec/bib/journals/corr/LaiPLY15},
  bibsource = {dblp computer science bibliography, http://dblp.org}
}

@inproceedings{kLin:DH,
title = {Deep Learning of Binary Hash Codes for Fast Image Retrieval},
author = {Kelvin  Lin, H.-F. Yang, J.-H. Hsiao, C.-S. Chen},
booktitle = {CVPR Workshop (CVPRW) on Deep Learning in Computer Vision},
series = {CVPRW'15},
year = {2015}, 
publisher = {IEEE}

}


@article{DBLP:journals/corr/ZhaoHWT15,
  author    = {Fang Zhao and
               Yongzhen Huang and
               Liang Wang and
               Tieniu Tan},
  title     = {Deep Semantic Ranking Based Hashing for Multi-Label Image Retrieval},
  journal   = {CoRR},
  volume    = {abs/1501.06272},
  year      = {2015},
  url       = {http://arxiv.org/abs/1501.06272},
  timestamp = {Fri, 25 Sep 2015 10:44:22 +0200},
  biburl    = {http://dblp.uni-trier.de/rec/bib/journals/corr/ZhaoHWT15},
  bibsource = {dblp computer science bibliography, http://dblp.org}
}

@article{Li:2015:RSS:2881665.2882186,
 author = {Li, Zechao and Liu, Jing and Tang, Jinhui and Lu, Hanqing},
 title = {Robust Structured Subspace Learning for Data Representation},
 journal = {IEEE Trans. Pattern Anal. Mach. Intell.},
 issue_date = {October 2015},
 volume = {37},
 number = {10},
 month = oct,
 year = {2015},
 issn = {0162-8828},
 pages = {2085--2098},
 numpages = {14},
 publisher = {IEEE Computer Society},
 address = {Washington, DC, USA},
} 
@incollection{NIPS2013_5207,
title = {Deep Neural Networks for Object Detection},
author = {Szegedy, Christian and Toshev, Alexander and Erhan, Dumitru},
booktitle = {Advances in Neural Information Processing Systems 26},
editor = {C. J. C. Burges and L. Bottou and M. Welling and Z. Ghahramani and K. Q. Weinberger},
pages = {2553--2561},
year = {2013},
publisher = {Curran Associates, Inc.}
}


@inproceedings{ImageNet,
 author = {Krizhevsky, Alex and Sutskever, Ilya and Hinton, Geoffrey E.},
 title = {ImageNet Classification with Deep Convolutional Neural Networks},
 booktitle = {Proceedings of the 25th International Conference on Neural Information Processing Systems},
 series = {NIPS'12},
 year = {2012},
 location = {Lake Tahoe, Nevada},
 pages = {1097--1105},
 numpages = {9},
 publisher = {Curran Associates Inc.},
 address = {USA},
}


@inproceedings{DengDJFMBLNA14,
  added-at = {2016-01-08T00:00:00.000+0100},
  author = {Deng, Jia and Ding, Nan and Jia, Yangqing and Frome, Andrea and Murphy, Kevin and Bengio, Samy and Li, Yuan and Neven, Hartmut and Adam, Hartwig},
  biburl = {https://www.bibsonomy.org/bibtex/23ca3d96e3bc069cdc75822c72f43f71b/dblp},
  booktitle = {ECCV (1)},
  crossref = {conf/eccv/2014-1},
  editor = {Fleet, David J. and Pajdla, Tom�s and Schiele, Bernt and Tuytelaars, Tinne},
  ee = {http://dx.doi.org/10.1007/978-3-319-10590-1_4},
  interhash = {39ae8bff8e9f795c7436e31c1ecf00ae},
  intrahash = {3ca3d96e3bc069cdc75822c72f43f71b},
  isbn = {978-3-319-10589-5},
  keywords = {dblp},
  pages = {48-64},
  publisher = {Springer},
  series = {Lecture Notes in Computer Science},
  timestamp = {2016-01-13T12:25:01.000+0100},
  title = {Large-Scale Object Classification Using Label Relation Graphs.},
  url = {http://dblp.uni-trier.de/db/conf/eccv/eccv2014-1.html#DengDJFMBLNA14},
  volume = 8689,
  year = 2014
}



@inproceedings{LiuWJJC12,
  added-at = {2016-05-30T00:00:00.000+0200},
  author = {Liu, Wei and Wang, Jun and Ji, Rongrong and Jiang, Yu-Gang and Chang, Shih-Fu},
  biburl = {http://www.bibsonomy.org/bibtex/2a481213d8c2b96f63bac067855649fcb/dblp},
  booktitle = {CVPR},
  crossref = {conf/cvpr/2012},
  isbn = {978-1-4673-1226-4},
  keywords = {dblp},
  pages = {2074-2081},
  publisher = {IEEE Computer Society},
  timestamp = {2016-05-31T13:22:08.000+0200},
  title = {Supervised hashing with kernels.},
  year = 2012
}

@article{bhadeshia1999neural,
  title={Neural networks in materials science},
  author={Bhadeshia, HKD Hn},
  journal={ISIJ international},
  volume={39},
  number={10},
  pages={966--979},
  year={1999}
}

@book{bishop1995neural,
  title={Neural networks for pattern recognition},
  author={Bishop, Christopher M},
  year={1995},
  publisher={Oxford university press}
}




@inproceedings{gionis1999similarity,
  title={Similarity search in high dimensions via hashing},
  author={Gionis, Aristides and Indyk, Piotr and Motwani, Rajeev and others},
  booktitle={VLDB},
  volume={99},
  number={6},
  pages={518--529},
  year={1999}
}


@inproceedings{datar2004locality,
  title={Locality-sensitive hashing scheme based on p-stable distributions},
  author={Datar, Mayur and Immorlica, Nicole and Indyk, Piotr and Mirrokni, Vahab S},
  booktitle={Proceedings of the twentieth annual symposium on Computational geometry},
  pages={253--262},
  year={2004},
  organization={ACM}
}

@inproceedings{andoni2008earth,
  title={Earth mover distance over high-dimensional spaces},
  author={Andoni, Alexandr and Indyk, Piotr and Krauthgamer, Robert},
  booktitle={Proceedings of the nineteenth annual ACM-SIAM symposium on Discrete algorithms},
  pages={343--352},
  year={2008},
  organization={Society for Industrial and Applied Mathematics}
}

@book{shakhnarovich2006nearest,
  title={Nearest-neighbor methods in learning and vision: theory and practice},
  author={Shakhnarovich, Gregory and Indyk, Piotr and Darrell, Trevor},
  year={2006}
}

@article{slaney2008locality,
  title={Locality-sensitive hashing for finding nearest neighbors [lecture notes]},
  author={Slaney, Malcolm and Casey, Michael},
  journal={Signal Processing Magazine, IEEE},
  volume={25},
  number={2},
  pages={128--131},
  year={2008},
  publisher={IEEE}
}



@article{guo2015cnn,
  title={CNN Based Hashing for Image Retrieval},
  author={Guo, Jinma and Li, Jianmin},
  journal={arXiv preprint arXiv:1509.01354},
  year={2015}
}

@inproceedings{krizhevsky2012imagenet,
  title={Imagenet classification with deep convolutional neural networks},
  author={Krizhevsky, Alex and Sutskever, Ilya and Hinton, Geoffrey E},
  booktitle={Advances in neural information processing systems},
  pages={1097--1105},
  year={2012}
}
@article{simonyan2014very,
  title={Very deep convolutional networks for large-scale image recognition},
  author={Simonyan, Karen and Zisserman, Andrew},
  journal={arXiv preprint arXiv:1409.1556},
  year={2014}
}
@inproceedings{xia2014supervised,
  title={Supervised Hashing for Image Retrieval via Image Representation Learning.},
  author={Xia, Rongkai and Pan, Yan and Lai, Hanjiang and Liu, Cong and Yan, Shuicheng},
  booktitle={AAAI},
  volume={1},
  pages={2},
  year={2014}
}

@article{kohonen1988neurocomputing,
  title={Neurocomputing: Foundations of research},
  author={Kohonen, Teuvo},
  journal={chapter Self-organized formation of topologically correct feature maps},
  pages={509--521},
  year={1988}
}

@inproceedings{cuadros2002sam,
  title={A SAM-SOM family: incorporating spatial access methods into constructive self-organizing maps},
  author={Cuadros-Vargas, Emesto and Romero, Roseli A Francelin},
  booktitle={Neural Networks, 2002. IJCNN'02. Proceedings of the 2002 International Joint Conference on},
  volume={2},
  pages={1172--1177},
  year={2002},
  organization={IEEE}
}

@misc{andoni2005lsh,
  title={Lsh algorithm and implementation (e2lsh)},
  author={Andoni, Alex},
  year={2005}
}

@article{belussi1998estimating,
  title={Estimating the selectivity of spatial queries using thecorrelation'fractal dimension},
  author={Belussi, Alberto and Faloutsos, Christos},
  year={1998}
}
@techreport{traina1999distance,
  title={Distance exponent: A new concept for selectivity estimation in metric trees},
  author={Traina Jr, Caetano and Traina, Agma J and Faloutsos, Christos},
  year={1999},
  institution={DTIC Document}
}

@article{shakhnarovich2004locality,
  title={Locality-sensitive hashing using stable distributions},
  author={Shakhnarovich, G and Darrell, T and Indyk, P},
  year={2004},
  publisher={MIT Press}
}

@inproceedings{wong2007empirical,
  title={An empirical study on large-scale content-based image retrieval},
  author={Wong, Yuk Man and Hoi, Steven CH and Lyu, Michael R},
  booktitle={Multimedia and Expo, 2007 IEEE International Conference on},
  pages={2206--2209},
  year={2007},
  organization={IEEE}
}

@inproceedings{lv2007multi,
  title={Multi-probe LSH: efficient indexing for high-dimensional similarity search},
  author={Lv, Qin and Josephson, William and Wang, Zhe and Charikar, Moses and Li, Kai},
  booktitle={Proceedings of the 33rd international conference on Very large data bases},
  pages={950--961},
  year={2007},
  organization={VLDB Endowment}
}

@article{traina2002fast,
  title={Fast indexing and visualization of metric data sets using slim-trees},
  author={Traina Jr, Caetano and Traina, Agma and Faloutsos, Christor and Seeger, Bernhard},
  journal={Knowledge and Data Engineering, IEEE Transactions on},
  volume={14},
  number={2},
  pages={244--260},
  year={2002},
  publisher={IEEE}
}

@inproceedings{vieira2004dbm,
  title={DBM-tree: A dynamic metric access method sensitive to local density data},
  author={Vieira, Marcos R and Traina, Caetano and Chino, Fabio JT and Traina, Agma JM},
  booktitle={In SBBD},
  year={2004},
  organization={Citeseer}
}

@inproceedings{ciaccia1997deis,
  title={DEIS-CSITE-CNR},
  author={Ciaccia, Paolo and Patella, Marco and Zezula, Pavel},
  booktitle={Proceedings of the... International Conference on Very Large Data Bases},
  volume={23},
  pages={426},
  year={1997},
  organization={Morgan Kaufmann Pub}
}
@inproceedings{traina2002improve,
  title={How to improve the pruning ability of dynamic metric access methods},
  author={Traina Jr, Caetano and Traina, Agma and Faloutsos, Christos and others},
  booktitle={Proceedings of the eleventh international conference on Information and knowledge management},
  pages={219--226},
  year={2002},
  organization={ACM}
}

@book{faloutsos2000spatial,
  title={Spatial join selectivity using power laws},
  author={Faloutsos, Christos and Seeger, Bernhard and Traina, Agma and Traina Jr, Caetano},
  volume={29},
  number={2},
  year={2000},
  publisher={ACM}
}

@article{traina2010fast,
  title={Fast feature selection using fractal dimension},
  author={Traina Jr, Caetano and Traina, Agma and Wu, Leejay and Faloutsos, Christos},
  journal={Journal of Information and data Management},
  volume={1},
  number={1},
  pages={3},
  year={2010}
}






























@STRING{aaai = {Proceedings of the National Conference on Artificial Intelligence}}

@STRING{acmgis = {Proceedings of the ACM International Symposium on Advances in Geographic Information Systems}}

@STRING{adbis = {Proceedings of the Symposium on Advances in Databases and Information Systems}}

@STRING{ai = {Artificial Inteligence}}

@STRING{cacm = {Communications of the ACM}}

@STRING{cikm = {Proceedings of the International Conference on Information and Knowledge Engineering}}

@STRING{computer = {IEEE Computer}}

@STRING{computernetw = {Computer Networks}}

@STRING{computingsurveys = {ACM Computing Surveys}}

@STRING{dasfaa = {Proceedings of the International Conference on Database Systems for Advanced Applications}}

@STRING{dawak = {Proceedings of the Data Warehousing and Knowledge Discovery}}

@STRING{dcc = {Proceedings of the Data Compression Conference}}

@STRING{dexa = {Proceedings of the International Conference on Database and Expert Systems Applications}}

@STRING{dke = {Data \& Knowledge Engineeering}}

@STRING{doceng = {Proceedings of the ACM Symposium on Document Engineering}}

@STRING{dood = {Proceedings of the International Conference Deductive and Object-Oriented Databases}}

@STRING{dpd = {Distributed and Parallel Databases}}

@STRING{ecdl = {Proceedings of the European Conference on Research and Advanced Technology for Digital Libraries}}





@STRING{ecir = {Proceedings of the European Conference on Information Retrieval}}

@STRING{edbt = {Proceedings of the International Conference on Extending Database Technology}}

@STRING{eextt = {Proceedings of the VLDB Workshop on Efficiency and Effectiveness of XML Tools, and Techniques}}

@STRING{er = {Proceedings of the International Conference on Conceptual Modeling}}

@STRING{fse = {Proceedings of the ACM SIGSOFT Conference on the Foundations of Software Engineering}}

@STRING{geoinfo = {Proceedings of the Brazilian Symposium on GeoInformatics}}

@STRING{icde = {Proceedings of the IEEE International Conference on Data Engineering}}
@STRING{cvpr = {Proceedings of the IEEE Conference on Computer Vision and Pattern Recognition}}


@STRING{icdebulletin = {IEEE Data Engineering Bulletin}}

@STRING{icdt = {Proceedings of the International Conference on Database Theory}}

@STRING{icdm = {Proceedings of the IEEE International Conference on Data Mining}}

@STRING{icml = {Proceedings of the International Conference on Machine Learning}}

@STRING{infosys = {Information Systems}}

@STRING{ipm = {Information Processing and Management}}

@STRING{jbcs = {Journal of the Brazilian Computer Society}}

@STRING{jcdl = {Proceedings of the ACM IEEE Joint Conference on Digital Libraries}}

@STRING{jep = {Journal of Electronic Publishing}}

@STRING{jidm = {Journal of Information and Data Management}}

@STRING{jiis = {Journal of Intelligent Information Systems}}

@STRING{jucs = {Journal of Universal Computer Science}}

@STRING{kdd = {Proceedings of the ACM SIGKDD International Conference on Knowledge Discovery and Data Mining}}

@STRING{iccv = {Proceedings  of the International Conference on Computer Vision}}


@STRING{mobilesearch = {Proceedings of the WWW Workshop on Mobile Search}}

@STRING{odbase = {Proceedings of the International Conference on Ontologies, Databases and Applications of Semantics}}

@STRING{oopsla = {Proceedings of the Annual ACM Conference on Object-Oriented Programing Systems, Languages and Applications}}

@STRING{pkdd = {Proceedings of the European Conference on Principles and Practice of Knowledge Discovery in Databases}}

@STRING{pods = {Proceedings of the ACM Symposium on Principles of Database Systems}}

@STRING{pvldb = {Proceedings of the VLDB Endowment}}

@STRING{sac = {Proceedings of the ACM Symposium on Applied Computing}}

@STRING{sbbd = {Proceedings of the Brazilian Symposium on Databases}}

@STRING{seke = {Proceedings of the International Conference on Software Engineering and Knowledge Engineering}}

@STRING{sigir = {Proceedings of the International ACM SIGIR Conference on Research \& Development of Information Retrieval}}

@STRING{sigmod = {Proceedings of the ACM SIGMOD International Conference on Management of Data Conference}}

@STRING{sigmodrecord = {SIGMOD Record}}

@STRING{ssdbm = {Proceedings of the International Conference on Scientific and Statistical Databases Management}}

@STRING{sstd = {Proceedings of the Internationa Symposium on Spatial and Temporal Databases}}

@STRING{time = {Proceedings of the International Symposium on Temporal Representation and Reasoning}}

@STRING{tkdd = {ACM Transactions on Knowledge Discovery from Data}}

@STRING{tkde = {IEEE Transactions on Knowledge and Data Engineering}}

@STRING{tods = {ACM Transactions on Database Systems }}

@STRING{tois = {ACM Transactions on Information Systems}}

@STRING{tse = {Transactions on Software Engineering}}

@STRING{uai = {Proceedings of the Conference in Uncertainty in Artificial Intelligence}}

@STRING{vldb = {Proceedings of the International Conference on Very Large Data Bases}}

@STRING{vldbj = {The VLDB Journal}}

@STRING{webdb = {Proceedings of the Workshop on Web and Databases}}

@STRING{webmedia = {Proceedings of the Brazilian Symposium on Multimedia and the Web}}

@STRING{www = {Proceedings of the International World Wide Web Conferences}}

@STRING{wwwposter = {Proceedings of the International World Wide Web Conferences, Poster session}}

@STRING{xsym = {Proceedings of XML Database Symposium}}

@STRING{icfdoa = {Proceedings of the 4th International Conference on Foundations of Data Organization and Algorithms}}

@STRING{ecml = {European Conference on Machine Learning}}


@article{lshtutorial,
 author = {M. Slaney and M. Casey},
 title = {{Locality-Sensitive Hashing for Finding Nearest Neighbors}},
 journal = {IEEE Signal Processing Magazine},
 year = {2008},
 pages = {128-131},
 volume = {25},
 number = {1}
}


@INPROCEEDINGS{DBMTree,
  author = {Marcos R. Vieira and C. Traina Jr. and Fabio Jun Takada Chino
  and Agma J. M. Traina},
  title = {{DBM-Tree: A Dynamic Metric Access Method Sensitive to Local Density Data}},
  booktitle = sbbd,
  year = {2004},
  pages = {163-177},
  address = {Bras\'{\i}lia, Brasil}
}

@inproceedings{iSAX,
 author = {Shieh, Jin and Keogh, Eamonn},
 title = {{iSAX: indexing and mining terabyte sized time series}},
 booktitle = kdd,
 year = {2008},
 pages = {623--631},
 address = {New York, NY, USA},
 }



@inproceedings{pmtree,
  author    = {Tom{\'a}s Skopal and
               Jaroslav Pokorn{\'y} and
               V{\'a}clav Sn{\'a}sel},
  title     = {{Nearest Neighbours Search Using the PM-Tree}},
  booktitle = {In Proceedings of Database Systems for Advanced Applications},
  year      = {2005},
  pages     = {803-815},
  address   =  {Beijing, China}
}


@inproceedings{cite:curves-curves1,
    author = {J. Shepherd and X. Zhu and N. Megiddo},
    title = {{A Fast Indexing Method for Multidimensional Nearest Neighbor Search}},
    year = {1999},
    address =  {San Jose, California, USA},
    pages = {350--355},
    booktitle = {Proceedings of  SPIE - Conference on Storage and Retrieval for Image and Video Databases}
}


@inproceedings{rplustree,
 author = {Sellis, Timos K. and Roussopoulos, Nick and Faloutsos, Christos},
 title = {{The R+-Tree: A Dynamic Index for Multi-Dimensional Objects}},
 booktitle = vldb,
 year = {1987},
 pages = {507--518},
 address = {San Francisco, CA, USA},
}

@inproceedings{mueen09exact,
    author = {Mueen, Abdullah and Keogh, Eamonn J. and Zhu, Qiang and Cash, Sydney and Westover, Brandon},
    booktitle = icdm,
    pages = {473--484},
    address = {Sparks, NV, USA},
    title = {{Exact Discovery of Time Series Motifs}},
    year = {2009},
}

@inproceedings{cit:vpt,
 author = {Peter N. Yianilos},
 title = {{Data structures and algorithms for nearest neighbor search in general metric spaces}},
 booktitle = {Proceedings - Annual Symposium on Discrete Algorithms},
 year = {1993},
 pages = {311--321},
 address = {Philadelphia, PA, USA},
 }

@inproceedings{Yankov:2007:DTS:1281192,
 author = {Yankov, Dragomir and Keogh, Eamonn and Medina, Jose and Chiu, Bill and Zordan, Victor},
 title = {{Detecting time series motifs under uniform scaling}},
 booktitle = kdd,
 year = {2007},
 pages = {844--853},
 address = {New York, NY, USA},
}

 
@inproceedings{DBLP:journals/corr/abs-0906-0391,
 author = {Volnyansky, Ilya and Pestov, Vladimir},
 title = {{Curse of Dimensionality in Pivot Based Indexes}},
 booktitle = {Proceedings of the International Workshop on Similarity Search and Applications},
 year = {2009},
 numpages = {8},
 address = {Washington, DC, USA},
}


@inproceedings{citeulike:3978028,
 author = {Minnen, David and Isbell, Charles and Essa, Irfan and Starner, Thad},
 title = {{Detecting Subdimensional Motifs: An Efficient Algorithm for Generalized Multivariate Pattern Discovery}},
 booktitle = icdm,
 year = {2007},
 pages = {601--606},
 address = {Washington, DC, USA},
}

@inproceedings{Lin02findingmotifs,
    author = {Lin, Jessica and Keogh, Eamonn J. and Lonardi, Stefano and Patel, Pranav},
    title = {{Finding Motifs in Time Series}},
    booktitle = {Proceedings of the International Conference on Knowledge Discovery and Data Mining},
    year = {2002},
    pages = {53--68},
    address = {Edmonton, Alberta, Canada},
}


@inproceedings{Lin:2003:SRT:882082.882086,
 author = {Lin, Jessica and Keogh, Eamonn and Lonardi, Stefano and Chiu, Bill},
 title = {{A symbolic representation of time series, with implications for streaming algorithms}},
 booktitle = {Proceedings of the ACM SIGMOD workshop on Research issues in data mining and knowledge discovery},
 year = {2003},
 pages = {2--11},
 address = {New York, NY, USA},
}

 @inproceedings{cite:curves-curves2,
 author = {Liao, Swanwa and Lopez, Mario A. and Leutenegger, Scott T.},
 title = {{High Dimensional Similarity Search With Space Filling Curves}},
 booktitle = icde,
 year = {2001},
 pages = {615--622},
 address = {Washington, DC, USA},
 }

@inproceedings{KeoghIndDTW,
 author = {Keogh, Eamonn},
 title = {{Exact indexing of dynamic time warping}},
 booktitle = vldb,
 year = {2002},
 pages = {406--417},
 address = {Hong Kong, China},
 }

@inproceedings{ETSICDE99,
 author = {Kin-pong Chan and Ada Wai-chee Fu},
 title = {{Efficient Time Series Matching by Wavelets}},
 booktitle = icde,
 year = {1999},
 pages = {126-130},
 address = {Washington, DC, USA},
}



@inproceedings{lsh_hamming,
 author = {Aristides Gionis and Piotr Indyk and Rajeev Motwani},
 title = {{Similarity Search in High Dimensions via Hashing}},
 booktitle = vldb,
 year = {1999},
 pages = {518--529},
 address = {San Francisco, CA, USA},
 }


@inproceedings{hrg,
  author    = {Alexander Ocsa and
               Carlos Bedregal and
               Ernesto Cuadros-Vargas},
  title     = {{A new approach for similarity queries using neighborhood graphs}},
  booktitle = sbbd,
  year      = {2007},
  pages     = {131-142},
  address   = {Jo{\~a}o Pessoa, Para\'{\i}ba, Brasil}
}

@inproceedings{cite:curves-faloutsos,
 author = {Faloutsos, C. and Roseman, S.},
 title = {{Fractals for secondary key retrieval}},
 booktitle = pods,
 year = {1989},
 pages = {247--252},
 address = {New York, NY, USA},
 }


@inproceedings{GEMINI_Faloutsos,
 author = {Faloutsos,, Christos and Ranganathan,, M. and Manolopoulos,, Yannis},
 title = {{Fast subsequence matching in time-series databases}},
 booktitle = sigmod,
 year = {1994},
 pages = {419--429},
 address = {New York, NY, USA},
 }


@inproceedings{Datar2004,
 author = {Datar, Mayur and Immorlica, Nicole and Indyk, Piotr and Mirrokni, Vahab S.},
 title = {{Locality-sensitive hashing scheme based on p-stable distributions}},
 booktitle = {Proceedings of the annual symposium on computational geometry},
 year = {2004},
 pages = {253--262},
 address = {New York, NY, USA},
 }


@INPROCEEDINGS{MTree,
  author = {Paolo Ciaccia and Marco Patella and Pavel Zezula},
  title = {{M-tree: An Efficient Access Method for Similarity Search in Metric
  Spaces}},
  booktitle = vldb,
  year = {1997},
  pages = {426--435},
  address = {San Francisco, CA, USA},
}


@inproceedings{Chiu:2003:PDT:956750,
 author = {Chiu, Bill and Keogh, Eamonn and Lonardi, Stefano},
 title = {{Probabilistic discovery of time series motifs}},
 booktitle = kdd,
 year = {2003},
 pages = {493--498},
 address = {New York, NY, USA},
}


@inproceedings{Buhler:2001:FMU:369133.369172,
 author = {Buhler, Jeremy and Tompa, Martin},
 title = {{Finding motifs using random projections}},
 booktitle = {Proceedings of the annual international conference on Computational biology},
 year = {2001},
 pages = {69--76},
 address = {New York, NY, USA},
}


@inproceedings{DBLP:conf/kdd/BerndtC94,
    title = {{Using Dynamic Time Warping to Find Patterns in Time Series}},
    author = {Berndt, Donald J. and Clifford, James},
    booktitle = {Proceedings of KDD: AAAI Workshop on Knowledge Discovery in Databases},
    pages = {359--370},
    year = {1994},
    address = {Seattle, Washington, USA},
}


@inproceedings{xtree,
 author = {Stefan Berchtold and Daniel A. Keim and Hans-Peter Kriegel},
 title = {{The X-tree: An Index Structure for High-Dimensional Data}},
 booktitle = vldb,
 year = {1996},
 pages = {28--39},
 address = {San Francisco, CA, USA},
 }

@inproceedings{Agrawal:1993:ESS:645415.652239,
 author = {Agrawal, Rakesh and Faloutsos, Christos and Swami, Arun N.},
 title = {{Efficient Similarity Search In Sequence Databases}},
 booktitle = icfdoa,
 year = {1993},
 pages = {69--84},
 address = {London, UK},
}


@inproceedings{TSTREE,
 author = {Assent, Ira and Krieger, Ralph and Afschari, Farzad and Seidl, Thomas},
 title = {{The TS-tree: efficient time series search and retrieval}},
 booktitle = edbt,
 year = {2008},
 pages = {252--263},
 address = {New York, NY, USA},
}



@inproceedings{multiprobe,
 author = {Lv, Qin and Josephson, William and Wang, Zhe and Charikar, Moses and Li, Kai},
 title = {{Multi-probe LSH: efficient indexing for high-dimensional similarity search}},
 booktitle = vldb,
 year = {2007},
 pages = {950--961},
 address = {Vienna, Austria},
 }


@inproceedings{dftree,
 author = {Traina,Jr., Caetano and Traina, Agma and Filho, Roberto Santos and Faloutsos, Christos},
 title = {{How to improve the pruning ability of dynamic metric access methods}},
 booktitle = cikm,
 year = {2002},
 pages = {219--226},
 address = {New York, NY, USA},
}

 @article{DBLP:journals/jidm/OcsaS10,
  author    = {Alexander Ocsa and Elaine P. M. Sousa},
  title     = {{An Adaptive Multi-level Hashing Structure for Fast Approximate
               Similarity Search}},
  journal   = jidm,
  volume    = {1},
  number    = {3},
  year      = {2010},
  pages     = {359-374},
}

@article{KeoghIndMTS,
 author = {Vlachos, Michail and Hadjieleftheriou, Marios and Gunopulos, Dimitrios and Keogh, Eamonn},
 title = {{Indexing Multidimensional Time-Series}},
 journal = vldbj,
 volume = {15},
 number = {1},
 year = {2006},
 pages = {1--20},
 }


@article{cit:tspanners02,
 author = {Navarro, Gonzalo and Paredes, Rodrigo and Ch\'{a}vez, Edgar},
 title = {{t-Spanners for metric space searching}},
 journal = {Data and Knowledge Engineering},
 volume = {63},
 issue = {3},
 year = {2007},
 pages = {820--854},
}


@ARTICLE{SATree,
  author = {Gonzalo Navarro},
  title = {{Searching in metric spaces by spatial approximation}},
  journal = vldbj,
  year = {2002},
  volume = {11},
  pages = {28--46},
  number = {1},
}

@article {SAX,
   author = {Lin, Jessica and Keogh, Eamonn and Wei, Li and Lonardi, Stefano},
   title = {{Experiencing SAX: a novel symbolic representation of time series}},
   journal = {Data Mining and Knowledge Discovery},
   pages = {107-144},
   volume = {15},
   number = {2},
   year = {2007}
}

@article{Korn:1997:ESA:253262.253332,
 author = {Korn, Flip and Jagadish, H. V. and Faloutsos, Christos},
 title = {{Efficiently supporting ad hoc queries in large datasets of time sequences}},
 journal = sigmodrecord,
 volume = {26},
 number = {2},
 year = {1997},
 pages = {289--300},
}

@article{DBLP:journals/jidm/TrainaTF10,
  author    = {Traina,Jr., Caetano and
               Agma J. M. Traina and
               Christos Faloutsos},
  title     = {{Fast Feature Selection using Fractal Dimension - Ten Years
               Later}},
  journal   = jidm,
  volume    = {1},
  number    = {1},
  year      = {2010},
  pages     = {17-20},
}

 @article{cit:indexDriven,
 author = {Hjaltason, Gisli R. and Samet, Hanan},
 title = {{Index-driven similarity search in metric spaces}},
 journal = tods,
 volume = {28},
 number = {4},
 year = {2003},
 pages = {517--580},
 }
 
 
@inproceedings{Arantes_thefractal,
    author = {Adriano S. Arantes and Marcos R. Vieira and Agma J. M. Traina and Caetano Traina},
    title = {The Fractal Dimension Making Similarity Queries More Efficient},
 booktitle = {Proceedings of the II ACM SIGKDD Workshop on Fractals, Power Laws and Other Next Generation Data Mining Tools},
 year = {2003}, 
  publisher = {ACM} 
  } 


@article{DBLP:fractal2016,
  author    = {Christian Cesar Bones and
               Luciana A. S. Romani and
               Elaine P. M. de Sousa},
  title     = {Clustering Multivariate Data Streams by Correlating Attributes using
               Fractal Dimension},
  journal   = {{JIDM}},
  volume    = {7},
  number    = {3},
  pages     = {249--264},
  year      = {2016}
}


@article{LSHClustering1,
 author = {Hisashi Koga ,Tetsuo Ishibashi, Toshinori Watanabe},
 title = {{Fast Hierarchical Clustering Algorithm Using Locality-Sensitive Hashing}},
 journal = {Discovery Science},
 volume = {12},
 number = {1},
 year = {2004},
 pages = {155-182}
 }

@article{LSHClustering2,
 author = {Hisashi Koga, Tetsuo Ishibashi, Toshinori Watanabe},
 title = {{Fast agglomerative hierarchical clustering algorithm using Locality-Sensitive Hashing}},
 journal = {Knowledge and Information Systems},
 volume = {12},
 number = {1},
 year = {2007},
 issn = {0362-5915},
 pages = {25-53}
}


 @article{ScalingTimeSeriesQuerying,
 author = {Fu, Ada Wai-Chee and Keogh, Eamonn and Lau, Leo Yung and Ratanamahatana, Chotirat Ann and Wong, Raymond Chi-Wing},
 title = {{Scaling and time warping in time series querying}},
 journal = vldbj,
 volume = {17},
 number = {4},
 year = {2008},
 pages = {899--921},
 }

@ARTICLE{Gaede98multidimensional,
 author  = {Volker Gaede and Oliver Gunther},
 title   = {{Multidimensional Access Methods}},
 year    = {1998},
 journal = computingsurveys,
 volume  = {30},
 number  = {2},
 pages   = {170--231},
}

@article{SlimTree,
 author = { Traina C., Jr. and Agma Traina and Christos Faloutsos and Bernhard Seeger},
 title = {{Fast Indexing and Visualization of Metric Data Sets using Slim-Trees}},
 journal = tkde,
 volume = {14},
 number = {2},
 year = {2002},
 pages = {244--260},
 }


@article{taoLSBLSH,
 author = {Tao, Yufei and Yi, Ke and Sheng, Cheng and Kalnis, Panos},
 title = {{Efficient and accurate nearest neighbor and closest pair search in high-dimensional space}},
 journal = tods,
 volume = {35},
 number = {3},
 year = {2010},
 pages = {1--46},
 }

@article{Ding:2008:QMT:1454159.1454226,
 author = {Ding, Hui and Trajcevski, Goce and Scheuermann, Peter and Wang, Xiaoyue and Keogh, Eamonn},
 title = {{Querying and mining of time series data: experimental comparison of representations and distance measures}},
 journal = pvldb,
 volume = {1},
 number = {2},
 year = {2008},
 pages = {1542--1552},
}

@article{cite:graycodes,
 author = {Faloutsos, Christos},
 title = {{Multiattribute hashing using Gray codes}},
 journal = sigmodrecord,
 volume = {15},
 number = {2},
 year = {1986},
 pages = {227--238},
}


@ARTICLE{cit:avez99searching,
  author = {Edgar Ch\'{a}vez and Gonzalo Navarro and Ricardo Baeza-Yates and
  Jos\'{e} Luis Marroqu\'{\i}n},
  title = {{Searching in metric spaces}},
  journal = computingsurveys,
  year = {2001},
  volume = {33},
  pages = {273--321},
  number = {3},
}

@article{KeoghSigmod2001,
 author = {Keogh, Eamonn and Chakrabarti, Kaushik and Pazzani, Michael and Mehrotra, Sharad},
 title = {{Locally adaptive dimensionality reduction for indexing large time series databases}},
 journal = sigmodrecord,
 volume = {30},
 number = {2},
 year = {2001},
 pages = {151--162},
}


@inproceedings{WhatsWrong,
  author = {Stephen Blott and Roger Weber},
  title = {What's Wrong with High-Dimensional Similarity Search},
  booktitle = vldb,
  year = {2008},
  address = {Aukland, New Zealand},
  pages = {3--3}
 }

@article{aleman_high_dimensional,
 author = {Christian B\"{o}hm and Stefan Berchtold and Daniel A. Keim},
 title = {{Searching in high-dimensional spaces: Index structures for improving the performance of multimedia databases}},
 journal = computingsurveys,
 volume = {33},
 number = {3},
 year = {2001},
 pages = {322--373},
}


@article{hashing_algoritghms_survey,
 author = {Alexandr Andoni and Piotr Indyk},
 title = {{Near-optimal hashing algorithms for approximate nearest neighbor in high dimensions}},
 journal = cacm,
 volume = {51},
 number = {1},
 year = {2008},
 pages = {117--122},
}

@article{rstartree,
 author = {Norbert Beckmann and Hans-Peter Kriegel and Ralf Schneider and Bernhard Seeger},
 title = {{The R*-tree: an efficient and robust access method for points and rectangles}},
 journal = sigmodrecord,
 volume = {19},
 number = {2},
 year = {1990},
 pages = {322--331},
}

@article{kdt,
 author    = {Jon Louis Bentley},
 title     = {{Multidimensional Binary Search Trees in Database Applications.}},
 journal   = tse,
 volume    = {5},
 number    = {4},
 year      = {1979},
 pages     = {333-340},

}

@inbook{citeulike:Bellman,
    author = {Bellman, Richard E.},
    chapter = {(A RAND Corporation Research Study)},
    pages = {255-260},
    title = {Adaptive control processes - A guided tour},
    publisher = {Princeton University Press},
    year = {1961},
    volume = {1961},
}

@inbook{cit:clarkson_nn_survey,
   title = {{Nearest-Neighbor Methods for Learning and Vision: Theory and Practice}},
   chapter = {{Nearest-Neighbor Searching and Metric Space Dimensions}},
   publisher = {MIT Press},
   year = {2006},
   pages = {15--59},
   author = {Kenneth L. Clarkson}
}


@book{citeulike:spaceFillingCurves,
    title = {{Space-Filling Curves}},
    publisher = {Springer-Verlag},
    year = {1994},
    author = {Sagan, Hans},
    address = {New York},
    isbn = {0-387-94265-3}
}

@book{Tan:2005:IDM:1095618,
 author = {Tan, Pang-Ning and Steinbach, Michael and Kumar, Vipin},
 title = {{Introduction to Data Mining, (First Edition)}},
 year = {2005},
 isbn = {0321321367},
 publisher = {Addison-Wesley Longman Publishing Co., Inc.},
 address = {Boston, MA, USA},
} 



@article{NNinLearningandVision,
 author = {Liu, Ting and Moore, Andrew W. and Gray, Alexander},
 title = {New Algorithms for Efficient High-Dimensional Nonparametric Classification},
 journal = {Journal of Machine Learning Research},
 volume = {7},
 year = {2006},
 issn = {1532-4435},
 pages = {1135--1158},
 publisher = {JMLR.org},
} 


@inproceedings {springerlink:metwally,
   author = {Metwally, Ahmed and Agrawal, Divyakant and Abbadi, Amr},
   title = {{Efficient Computation of Frequent and Top-k Elements in Data Streams}},
   booktitle = icdt,
   pages = {398-412},
   volume = {3363},
   year = {2005}
}




@article{KeoghTutorial,
 author =       {Eamonn Keogh },
 title =        {{Data Mining and Machine Learning in Time Series Databases (Tutorial)}},
 booktitle = ecml,
 year =         {2003},
 address = {Cavtat-Dubrovnik, Croatia}
}

@PhdThesis{Val08a,
  author       = "Valle, Eduardo.",
  title        = "Local descriptor matching for image identification systems",
  school       = "Universit� de Cergy-Pontoise",
  year         = "2008",
  type         = "PhD thesis",
  address = "France"
}
 


@inproceedings{MrMotif,
  title={{Multiresolution Motif Discovery in Time Series}},
  author={Castro, N. and Azevedo, P.},
  booktitle={Proceedings of the SIAM International Conference on Data Mining},
  address = {Columbus, Ohio, USA},
  year={2010},
  pages={665--676}
}



@proceedings{citeulike:3978028,
    title = {{Detecting Subdimensional Motifs: An Efficient Algorithm for Generalized Multivariate Pattern Discovery}},
    author = {Minnen, D. and Isbell, C. and Essa, M. and Starner, T.},
    booktitle = icdm,
    address = {Omaha NE, USA},
    pages = {601--606},
    year = {2007}
}


@article{GPGPU-Survey,
    address = {University of California},
    author = {Owens J.,, Luebke D.,,  Govindaraju N.,, Harris M.,,  KrugerJ.,, Lefohn  A.E.,, and  Purcell},
    journal = {Computer Graphics Forum},
    number = {1},
    pages = {80--113},
    publisher = {Blackwell Publishing Ltd},
    title = {{A Survey of General-Purpose Computation on Graphics Hardware}},
    volume = {26},
    year = {2007}
}



@inbook{cudaBook,
 author = {Kirk and W. Hwu},
 chapter = {{CUDA Threads}},
 pages = {59-74},
 title = {{Programming Massively Parallel Processors: A Hands-on Approach}},
 year = {2010},
 publisher = {Elsevier Inc.}
}

 @inbook{LSHBook,
 chapter = {{Locality-Sensitive Hashing Using Stable Distributions}},
 pages = {55--67},
 author = {Shakhnarovich, Gregory and Darrell, Trevor and Indyk, Piotr},
 title = {{Nearest-Neighbor Methods in Learning and Vision: Theory and Practice}},
 year = {2006},
 publisher = {The MIT Press},
}

@INPROCEEDINGS{lshhashfile,
author={Dongxiang Zhang and Agrawal, D. and Gang Chen and Tung, A.K.H.},
title={{HashFile: An efficient index structure for multimedia data}},
booktitle= icde,
year={2011},
pages={1103 -1114},
address={Hannover, Germany}
}

@inproceedings{lsh,
 author = {Datar, Mayur and Immorlica, Nicole and Indyk, Piotr and Mirrokni, Vahab S.},
 title = {Locality-sensitive hashing scheme based on p-stable distributions},
 booktitle = {Proceedings of the Twentieth annual Symposium on Computational Geometry},
 year = {2004},
 pages = {253--262},
 address = {Brooklyn, New York, USA}
 }
 @inproceedings{modelinglsh,
 author = {Dong, Wei and Wang, Zhe and Josephson, William and Charikar, Moses and Li, Kai},
 title = {Modeling {L}{S}{H} for performance tuning},
 booktitle = cikm,
 year = {2008},
 pages = {669--678},
 address = {Napa Valley, California, USA}
}
 @inproceedings{lshforest,
 author = {Bawa, Mayank and Condie, Tyson and Ganesan, Prasanna},
 title = {{L}{S}{H} forest: self-tuning indexes for similarity search},
 booktitle = {Proceedings of the 14th international conference on World Wide Web},
 year = {2005},
 pages = {651--660},
 address = {Chiba, Japan}
 }

@inproceedings{Indyk:1998:ANN:276698.276876,
 author = {Indyk, Piotr and Motwani, Rajeev},
 title = {Approximate nearest neighbors: towards removing the curse of dimensionality},
 booktitle = {Proceedings of the thirtieth annual ACM symposium on Theory of computing},
 year = {1998},
 location = {Dallas, Texas, United States},
 pages = {604--613}, 
 address = {New York, NY, USA},
}
 
%%%%%%%%  hereinafter revisar %%%%%%%%%%%%%%%
@INPROCEEDINGS{kNNUsingCUDA,
author={Garcia, V. and Debreuve, E. and Barlaud, M.},
booktitle= cvpr,
title={{Fast k nearest neighbor search using GPU}},
year={2008},
pages={1 -6},
address = {Anchorage, UK, USA}
}

@article{Zhou:2008:RKC:1409060.1409079,
 author = {Zhou, Kun and Hou, Qiming and Wang, Rui and Guo, Baining},
 title = {Real-time KD-tree construction on graphics hardware},
 journal = {ACM Transactions on Graphics},
 volume = {27},
 number = {5},
 year = {2008},
 pages = {126:1--126:11},
 }

@INPROCEEDINGS{Wu:2009:CBD:1531666.1531668,
 author = {Wu, Ren and Zhang, Bin and Hsu, Meichun},
 title = {{Clustering billions of data points using GPUs}},
 booktitle = {Proceedings of the combined workshops on UnConventional high performance computing workshop plus memory access workshop},
 year = {2009},
 pages = {1--6},
 address = {New York, NY, USA},
} 


@INPROCEEDINGS {springerlink:10.1007/978,
   author = {Charles, Jesse and Potok, Thomas and Patton, Robert and Cui, Xiaohui},
   title = {{Flocking-based Document Clustering on the Graphics Processing Unit}},
   booktitle = {Proceedings  of the International Workshop on Nature Inspired Cooperative Strategies for Optimization},
   pages = {27-37},
   volume = {129},
   year = {2008}
}

@article{Che:2008:PSG:1412749.1412827,
 author = {Che, Shuai and Boyer, Michael and Meng, Jiayuan and Tarjan, David and Sheaffer, Jeremy W. and Skadron, Kevin},
 title = {{A performance study of general-purpose applications on graphics processors using CUDA}},
 journal = {Journal of Parallel and Distributed Computing},
 volume = {68},
 year = {2008},
 pages = {1370--1380},
 publisher = {Academic Press, Inc.},
 address = {Orlando, FL, USA}
} 

@article {MEME,
   author = {Bailey, Timothy L. and Elkan, Charles},
   title = {Unsupervised learning of multiple motifs in biopolymers using expectation maximization},
   journal = {Machine Learning},
   publisher = {Springer Netherlands},
   keyword = {Computer Science},
   pages = {51-80},
   volume = {21},
   year = {1995}
}
@article{cudameme,
 author = {Liu, Yongchao and Schmidt, Bertil and Liu, Weiguo and Maskell, Douglas L.},
 title = {{CUDA-MEME: Accelerating motif discovery in biological sequences using CUDA-enabled graphics processing units}},
 journal = {Pattern Recognition Letters},
 volume = {31},
 year = {2010},
 pages = {2170--2177},
 publisher = {Elsevier Science Inc.},
 address = {New York, NY, USA}
} 

@article{Guttman1984,
 author = {Guttman, Antonin},
 title = {R-trees: a dynamic index structure for spatial searching},
 journal = sigmodrecord,
 volume = {14},
 year = {1984},
 pages = {47--57},
 publisher = {ACM}
} 


@inproceedings{5607480, 
author={Shenshen Liang and Ying Liu and Cheng Wang and Liheng Jian}, 
booktitle={Proceedings of IEEE 2nd Symposium on Web Society}, 
title={{Design and evaluation of a parallel k-nearest neighbor algorithm on CUDA-enabled GPU}}, 
year={2010}, 
pages={53-60}, 
address = {Beijing, China}
}


@inproceedings{Govindaraju:2006:GHP:1142473.1142511,
 author = {Govindaraju, Naga and Gray, Jim and Kumar, Ritesh and Manocha, Dinesh},
 title = {{GPUTeraSort: high performance graphics co-processor sorting for large database management}},
 booktitle = sigmod,
 year = {2006},
 pages = {325--336},
 address = {New York, NY, USA}
} 

@inproceedings{DBLP:conf/sigmod/GovindarajuLWLM04,
  author    = {Naga K. Govindaraju and
               Brandon Lloyd and
               Wei Wang 0010 and
               Ming C. Lin and
               Dinesh Manocha},
  title     = {Fast Computation of Database Operations using Graphics Processors},
  booktitle = sigmod,
  year      = {2004},
  pages     = {215-226},
  address = {New York, NY, USA},
}


@inproceedings{Mueen:2010:ODM:1835804.1835941,
 author = {Mueen, Abdullah and Keogh, Eamonn},
 title = {Online discovery and maintenance of time series motifs},
 booktitle = kdd,
 year = {2010},
 pages = {1089--1098}, 
 address = {New York, NY, USA}
} 

@INPROCEEDINGS{Liu04aninvestigation,
    author = {Ting Liu and Andrew W. Moore and Alexander Gray and Ke Yang},
    title = {An investigation of practical approximate nearest neighbor algorithms},
    booktitle = { In proceedings of Neural Information Processing Systems },
    year = {2004},
    pages = {825--832},
    address = {Vancouver, BC, Canada}
}

%%%%%%%%%%%%%%%%%%%%
@inproceedings{citeulike:7399806,
    author = {Wang, Jun and Kumar, Sanjiv and Chang, Shih-Fu},
    booktitle = cvpr,
    title = {{Semi-Supervised Hashing for Scalable Image Retrieval}},
    year = {2010},
    pages = {3424 -3431},
    address = {San Francisco, USA}
}

%% here and after

@INPROCEEDINGS{5459466, 
author={Kulis, B. and Grauman, K.}, 
booktitle= iccv, 
title={Kernelized locality-sensitive hashing for scalable image search}, 
year={2009}, 
pages={2130 -2137}, 
address = {Kyoto, Japan}
}

@INPROCEEDINGS{Metwally05efficientcomputation,
    author = {Ahmed Metwally and Divyakant Agrawal and Amr El Abbadi},
    title = { Efficient Computation of Frequent and Top-k Elements in Data Streams},
    booktitle = icdt,
    year = {2005},
    pages = {398--412},
   address = {Edinburgh, Scotland}
}

@ARTICLE{tesla,
author={Lindholm, E. and Nickolls, J. and Oberman, S. and Montrym, J.},
journal={Micro, IEEE},
title={NVIDIA Tesla: A Unified Graphics and Computing Architecture},
year={2008},
volume={28},
pages={39 -55},
}


@article{CUDA,
 author = {Nickolls, John and Buck, Ian and Garland, Michael and Skadron, Kevin},
 title = {{Scalable Parallel Programming with CUDA}},
 journal = {Queue},
 volume = {6},
 year = {2008},
 pages = {40--53},
 publisher = {ACM},
 address = {New York, NY, USA},
} 


@ARTICLE{OPENCL, 
author={Stone, J.E. and Gohara, D. and Guochun Shi}, 
journal={Computing in Science Engineering}, 
title={{OpenCL: A Parallel Programming Standard for Heterogeneous Computing Systems}}, 
year={2010}, 
volume={12}, 
pages={66 -73}, 
}

@inproceedings{icdefastjoin, 
author = {Lieberman, M.D. and Sankaranarayanan, J. and Samet, H.}, 
booktitle = icde, 
title = {{A Fast Similarity Join Algorithm Using Graphics Processing Units}}, 
year = {2008}, 
pages = {1111-1120}, 
address = {Canc�n, Mexico}
}



@inbook{GPUDataMining1,
 author = {B\"{o}hm, Christian and Noll, Robert and Plant, Claudia and Wackersreuther, Bianca and Zherdin, Andrew},
 chapter = {{Data Mining Using Graphics Processing Units}},
 title = {Transactions on Large-Scale Data- and Knowledge-Centered Systems I},
 year = {2009},
 pages = {63--90},
 volume = {5740},
 publisher = {Springer-Verlag},
 address = {Berlin, Heidelberg},
} 


@inproceedings{ParallelMotif,
 author = {Narang, Ankur and Bhattacherjee, Souvik},
 title = {Parallel exact time series motif discovery},
 booktitle = {Proceedings of the international Euro-Par conference on Parallel processing},
 year = {2010},
 pages = {304--315},
 publisher = {Springer-Verlag},
 address = {Berlin, Heidelberg}
} 



@incollection{Fayyad:1996:DMK:257938.257942,
 author = {Fayyad, Usama M. and Piatetsky-Shapiro, Gregory and Smyth, Padhraic},
 title = {From data mining to knowledge discovery: an overview},
 booktitle = {Advances in knowledge discovery and data mining},
 year = {1996},
 pages = {1--34},
 publisher = {American Association for Artificial Intelligence},
}










%%%%%%%%%%%%%%%%
%%%%%%%%%%%%%%%%%%  copias de references. bib
%%%%%%%%%%%%%%%%%%

% THIS LIST PRESENTS STANDARDIZED NAMES FOR PROCEEDINGS AND JOURNALS.
% IT DOES NOT, IN ANY WAY, LIMIT THE REFERENCES TO VENUES ON THIS LIST.
% IT IS MERE A SUGGESTION ON HOW TO WRITE THE VENUES IN THE BIB FILES,
%   SO THAT JIDM KEEPS A MINIMUM OF CONSISTENCY AMONG CITATIONS
% SEPT.3rd.2010

@STRING{aaai = {Proceedings of the National Conference on Artificial Intelligence}}

@STRING{acmgis = {Proceedings of the ACM International Symposium on Advances in Geographic Information Systems}}

@STRING{adbis = {Proceedings of the Symposium on Advances in Databases and Information Systems}}

@STRING{ai = {Artificial Inteligence}}

@STRING{cacm = {Communications of the ACM}}

@STRING{cikm = {Proceedings of the International Conference on Information and Knowledge Engineering}}

@STRING{computer = {IEEE Computer}}

@STRING{computernetw = {Computer Networks}}

@STRING{computingsurveys = {ACM Computing Surveys}}

@STRING{dasfaa = {Proceedings of the International Conference on Database Systems for Advanced Applications}}

@STRING{dawak = {Proceedings of the Data Warehousing and Knowledge Discovery}}

@STRING{dcc = {Proceedings of the Data Compression Conference}}

@STRING{dexa = {Proceedings of the International Conference on Database and Expert Systems Applications}}

@STRING{dke = {Data \& Knowledge Engineeering}}

@STRING{doceng = {Proceedings of the ACM Symposium on Document Engineering}}

@STRING{dood = {Proceedings of the International Conference Deductive and Object-Oriented Databases}}

@STRING{dpd = {Distributed and Parallel Databases}}

@STRING{ecdl = {Proceedings of the European Conference on Research and Advanced Technology for Digital Libraries}}





@STRING{ecir = {Proceedings of the European Conference on Information Retrieval}}

@STRING{edbt = {Proceedings of the International Conference on Extending Database Technology}}

@STRING{eextt = {Proceedings of the VLDB Workshop on Efficiency and Effectiveness of XML Tools, and Techniques}}

@STRING{er = {Proceedings of the International Conference on Conceptual Modeling}}

@STRING{fse = {Proceedings of the ACM SIGSOFT Conference on the Foundations of Software Engineering}}

@STRING{geoinfo = {Proceedings of the Brazilian Symposium on GeoInformatics}}

@STRING{icde = {Proceedings of the IEEE International Conference on Data Engineering}}
@STRING{cvpr = {Proceedings of the IEEE Conference on Computer Vision and Pattern Recognition}}


@STRING{icdebulletin = {IEEE Data Engineering Bulletin}}

@STRING{icdt = {Proceedings of the International Conference on Database Theory}}

@STRING{icdm = {Proceedings of the IEEE International Conference on Data Mining}}

@STRING{icml = {Proceedings of the International Conference on Machine Learning}}

@STRING{infosys = {Information Systems}}

@STRING{ipm = {Information Processing and Management}}

@STRING{jbcs = {Journal of the Brazilian Computer Society}}

@STRING{jcdl = {Proceedings of the ACM IEEE Joint Conference on Digital Libraries}}

@STRING{jep = {Journal of Electronic Publishing}}

@STRING{jidm = {Journal of Information and Data Management}}

@STRING{jiis = {Journal of Intelligent Information Systems}}

@STRING{jucs = {Journal of Universal Computer Science}}

@STRING{kdd = {Proceedings of the ACM SIGKDD International Conference on Knowledge Discovery and Data Mining}}

@STRING{iccv = {Proceedings  of the International Conference on Computer Vision}}


@STRING{mobilesearch = {Proceedings of the WWW Workshop on Mobile Search}}

@STRING{odbase = {Proceedings of the International Conference on Ontologies, Databases and Applications of Semantics}}

@STRING{oopsla = {Proceedings of the Annual ACM Conference on Object-Oriented Programing Systems, Languages and Applications}}

@STRING{pkdd = {Proceedings of the European Conference on Principles and Practice of Knowledge Discovery in Databases}}

@STRING{pods = {Proceedings of the ACM Symposium on Principles of Database Systems}}

@STRING{pvldb = {Proceedings of the VLDB Endowment}}

@STRING{sac = {Proceedings of the ACM Symposium on Applied Computing}}

@STRING{sbbd = {Proceedings of the Brazilian Symposium on Databases}}

@STRING{seke = {Proceedings of the International Conference on Software Engineering and Knowledge Engineering}}

@STRING{sigir = {Proceedings of the International ACM SIGIR Conference on Research \& Development of Information Retrieval}}

@STRING{sigmod = {Proceedings of the ACM SIGMOD International Conference on Management of Data Conference}}

@STRING{sigmodrecord = {SIGMOD Record}}

@STRING{ssdbm = {Proceedings of the International Conference on Scientific and Statistical Databases Management}}

@STRING{sstd = {Proceedings of the Internationa Symposium on Spatial and Temporal Databases}}

@STRING{time = {Proceedings of the International Symposium on Temporal Representation and Reasoning}}

@STRING{tkdd = {ACM Transactions on Knowledge Discovery from Data}}

@STRING{tkde = {IEEE Transactions on Knowledge and Data Engineering}}

@STRING{tods = {ACM Transactions on Database Systems }}

@STRING{tois = {ACM Transactions on Information Systems}}

@STRING{tse = {Transactions on Software Engineering}}

@STRING{uai = {Proceedings of the Conference in Uncertainty in Artificial Intelligence}}

@STRING{vldb = {Proceedings of the International Conference on Very Large Data Bases}}

@STRING{vldbj = {The VLDB Journal}}

@STRING{webdb = {Proceedings of the Workshop on Web and Databases}}

@STRING{webmedia = {Proceedings of the Brazilian Symposium on Multimedia and the Web}}

@STRING{www = {Proceedings of the International World Wide Web Conferences}}

@STRING{wwwposter = {Proceedings of the International World Wide Web Conferences, Poster session}}

@STRING{xsym = {Proceedings of XML Database Symposium}}

@STRING{icfdoa = {Proceedings of the 4th International Conference on Foundations of Data Organization and Algorithms}}

@STRING{ecml = {European Conference on Machine Learning}}


@article{lshtutorial,
 author = {M. Slaney and M. Casey},
 title = {{Locality-Sensitive Hashing for Finding Nearest Neighbors}},
 journal = {IEEE Signal Processing Magazine},
 year = {2008},
 pages = {128-131},
 volume = {25},
 number = {1}
}


@INPROCEEDINGS{DBMTree,
  author = {Marcos R. Vieira and C. Traina Jr. and Fabio Jun Takada Chino
  and Agma J. M. Traina},
  title = {{DBM-Tree: A Dynamic Metric Access Method Sensitive to Local Density Data}},
  booktitle = sbbd,
  year = {2004},
  pages = {163-177},
  address = {Bras\'{\i}lia, Brasil}
}

@inproceedings{iSAX,
 author = {Shieh, Jin and Keogh, Eamonn},
 title = {{iSAX: indexing and mining terabyte sized time series}},
 booktitle = kdd,
 year = {2008},
 pages = {623--631},
 address = {New York, NY, USA},
 }



@inproceedings{pmtree,
  author    = {Tom{\'a}s Skopal and
               Jaroslav Pokorn{\'y} and
               V{\'a}clav Sn{\'a}sel},
  title     = {{Nearest Neighbours Search Using the PM-Tree}},
  booktitle = {In Proceedings of Database Systems for Advanced Applications},
  year      = {2005},
  pages     = {803-815},
  address   =  {Beijing, China}
}


@inproceedings{cite:curves-curves1,
    author = {J. Shepherd and X. Zhu and N. Megiddo},
    title = {{A Fast Indexing Method for Multidimensional Nearest Neighbor Search}},
    year = {1999},
    address =  {San Jose, California, USA},
    pages = {350--355},
    booktitle = {Proceedings of  SPIE - Conference on Storage and Retrieval for Image and Video Databases}
}


@inproceedings{rplustree,
 author = {Sellis, Timos K. and Roussopoulos, Nick and Faloutsos, Christos},
 title = {{The R+-Tree: A Dynamic Index for Multi-Dimensional Objects}},
 booktitle = vldb,
 year = {1987},
 pages = {507--518},
 address = {San Francisco, CA, USA},
}

@inproceedings{mueen09exact,
    author = {Mueen, Abdullah and Keogh, Eamonn J. and Zhu, Qiang and Cash, Sydney and Westover, Brandon},
    booktitle = icdm,
    pages = {473--484},
    address = {Sparks, NV, USA},
    title = {{Exact Discovery of Time Series Motifs}},
    year = {2009},
}

@inproceedings{cit:vpt,
 author = {Peter N. Yianilos},
 title = {{Data structures and algorithms for nearest neighbor search in general metric spaces}},
 booktitle = {Proceedings - Annual Symposium on Discrete Algorithms},
 year = {1993},
 pages = {311--321},
 address = {Philadelphia, PA, USA},
 }

@inproceedings{Yankov:2007:DTS:1281192,
 author = {Yankov, Dragomir and Keogh, Eamonn and Medina, Jose and Chiu, Bill and Zordan, Victor},
 title = {{Detecting time series motifs under uniform scaling}},
 booktitle = kdd,
 year = {2007},
 pages = {844--853},
 address = {New York, NY, USA},
}

 
@inproceedings{DBLP:journals/corr/abs-0906-0391,
 author = {Volnyansky, Ilya and Pestov, Vladimir},
 title = {{Curse of Dimensionality in Pivot Based Indexes}},
 booktitle = {Proceedings of the International Workshop on Similarity Search and Applications},
 year = {2009},
 numpages = {8},
 address = {Washington, DC, USA},
}


@inproceedings{citeulike:3978028,
 author = {Minnen, David and Isbell, Charles and Essa, Irfan and Starner, Thad},
 title = {{Detecting Subdimensional Motifs: An Efficient Algorithm for Generalized Multivariate Pattern Discovery}},
 booktitle = icdm,
 year = {2007},
 pages = {601--606},
 address = {Washington, DC, USA},
}

@inproceedings{Lin02findingmotifs,
    author = {Lin, Jessica and Keogh, Eamonn J. and Lonardi, Stefano and Patel, Pranav},
    title = {{Finding Motifs in Time Series}},
    booktitle = {Proceedings of the International Conference on Knowledge Discovery and Data Mining},
    year = {2002},
    pages = {53--68},
    address = {Edmonton, Alberta, Canada},
}


@inproceedings{Lin:2003:SRT:882082.882086,
 author = {Lin, Jessica and Keogh, Eamonn and Lonardi, Stefano and Chiu, Bill},
 title = {{A symbolic representation of time series, with implications for streaming algorithms}},
 booktitle = {Proceedings of the ACM SIGMOD workshop on Research issues in data mining and knowledge discovery},
 year = {2003},
 pages = {2--11},
 address = {New York, NY, USA},
}

 @inproceedings{cite:curves-curves2,
 author = {Liao, Swanwa and Lopez, Mario A. and Leutenegger, Scott T.},
 title = {{High Dimensional Similarity Search With Space Filling Curves}},
 booktitle = icde,
 year = {2001},
 pages = {615--622},
 address = {Washington, DC, USA},
 }

@inproceedings{KeoghIndDTW,
 author = {Keogh, Eamonn},
 title = {{Exact indexing of dynamic time warping}},
 booktitle = vldb,
 year = {2002},
 pages = {406--417},
 address = {Hong Kong, China},
 }

@inproceedings{ETSICDE99,
 author = {Kin-pong Chan and Ada Wai-chee Fu},
 title = {{Efficient Time Series Matching by Wavelets}},
 booktitle = icde,
 year = {1999},
 pages = {126-130},
 address = {Washington, DC, USA},
}



@inproceedings{lsh_hamming,
 author = {Aristides Gionis and Piotr Indyk and Rajeev Motwani},
 title = {{Similarity Search in High Dimensions via Hashing}},
 booktitle = vldb,
 year = {1999},
 pages = {518--529},
 address = {San Francisco, CA, USA},
 }


@inproceedings{hrg,
  author    = {Alexander Ocsa and
               Carlos Bedregal and
               Ernesto Cuadros-Vargas},
  title     = {{A new approach for similarity queries using neighborhood graphs}},
  booktitle = sbbd,
  year      = {2007},
  pages     = {131-142},
  address   = {Jo{\~a}o Pessoa, Para\'{\i}ba, Brasil}
}

@inproceedings{cite:curves-faloutsos,
 author = {Faloutsos, C. and Roseman, S.},
 title = {{Fractals for secondary key retrieval}},
 booktitle = pods,
 year = {1989},
 pages = {247--252},
 address = {New York, NY, USA},
 }


@inproceedings{GEMINI_Faloutsos,
 author = {Faloutsos,, Christos and Ranganathan,, M. and Manolopoulos,, Yannis},
 title = {{Fast subsequence matching in time-series databases}},
 booktitle = sigmod,
 year = {1994},
 pages = {419--429},
 address = {New York, NY, USA},
 }


@inproceedings{Datar2004,
 author = {Datar, Mayur and Immorlica, Nicole and Indyk, Piotr and Mirrokni, Vahab S.},
 title = {{Locality-sensitive hashing scheme based on p-stable distributions}},
 booktitle = {Proceedings of the annual symposium on computational geometry},
 year = {2004},
 pages = {253--262},
 address = {New York, NY, USA},
 }


@INPROCEEDINGS{MTree,
  author = {Paolo Ciaccia and Marco Patella and Pavel Zezula},
  title = {{M-tree: An Efficient Access Method for Similarity Search in Metric
  Spaces}},
  booktitle = vldb,
  year = {1997},
  pages = {426--435},
  address = {San Francisco, CA, USA},
}


@inproceedings{Chiu:2003:PDT:956750,
 author = {Chiu, Bill and Keogh, Eamonn and Lonardi, Stefano},
 title = {{Probabilistic discovery of time series motifs}},
 booktitle = kdd,
 year = {2003},
 pages = {493--498},
 address = {New York, NY, USA},
}


@inproceedings{Buhler:2001:FMU:369133.369172,
 author = {Buhler, Jeremy and Tompa, Martin},
 title = {{Finding motifs using random projections}},
 booktitle = {Proceedings of the annual international conference on Computational biology},
 year = {2001},
 pages = {69--76},
 address = {New York, NY, USA},
}


@inproceedings{DBLP:conf/kdd/BerndtC94,
    title = {{Using Dynamic Time Warping to Find Patterns in Time Series}},
    author = {Berndt, Donald J. and Clifford, James},
    booktitle = {Proceedings of KDD: AAAI Workshop on Knowledge Discovery in Databases},
    pages = {359--370},
    year = {1994},
    address = {Seattle, Washington, USA},
}


@inproceedings{xtree,
 author = {Stefan Berchtold and Daniel A. Keim and Hans-Peter Kriegel},
 title = {{The X-tree: An Index Structure for High-Dimensional Data}},
 booktitle = vldb,
 year = {1996},
 pages = {28--39},
 address = {San Francisco, CA, USA},
 }

@inproceedings{Agrawal:1993:ESS:645415.652239,
 author = {Agrawal, Rakesh and Faloutsos, Christos and Swami, Arun N.},
 title = {{Efficient Similarity Search In Sequence Databases}},
 booktitle = icfdoa,
 year = {1993},
 pages = {69--84},
 address = {London, UK},
}


@inproceedings{TSTREE,
 author = {Assent, Ira and Krieger, Ralph and Afschari, Farzad and Seidl, Thomas},
 title = {{The TS-tree: efficient time series search and retrieval}},
 booktitle = edbt,
 year = {2008},
 pages = {252--263},
 address = {New York, NY, USA},
}



@inproceedings{multiprobe,
 author = {Lv, Qin and Josephson, William and Wang, Zhe and Charikar, Moses and Li, Kai},
 title = {{Multi-probe LSH: efficient indexing for high-dimensional similarity search}},
 booktitle = vldb,
 year = {2007},
 pages = {950--961},
 address = {Vienna, Austria},
 }


@inproceedings{dftree,
 author = {Traina,Jr., Caetano and Traina, Agma and Filho, Roberto Santos and Faloutsos, Christos},
 title = {{How to improve the pruning ability of dynamic metric access methods}},
 booktitle = cikm,
 year = {2002},
 pages = {219--226},
 address = {New York, NY, USA},
}

 @article{DBLP:journals/jidm/OcsaS10,
  author    = {Alexander Ocsa and Elaine P. M. Sousa},
  title     = {{An Adaptive Multi-level Hashing Structure for Fast Approximate
               Similarity Search}},
  journal   = jidm,
  volume    = {1},
  number    = {3},
  year      = {2010},
  pages     = {359-374},
}

@article{KeoghIndMTS,
 author = {Vlachos, Michail and Hadjieleftheriou, Marios and Gunopulos, Dimitrios and Keogh, Eamonn},
 title = {{Indexing Multidimensional Time-Series}},
 journal = vldbj,
 volume = {15},
 number = {1},
 year = {2006},
 pages = {1--20},
 }


@article{cit:tspanners02,
 author = {Navarro, Gonzalo and Paredes, Rodrigo and Ch\'{a}vez, Edgar},
 title = {{t-Spanners for metric space searching}},
 journal = {Data and Knowledge Engineering},
 volume = {63},
 issue = {3},
 year = {2007},
 pages = {820--854},
}


@ARTICLE{SATree,
  author = {Gonzalo Navarro},
  title = {{Searching in metric spaces by spatial approximation}},
  journal = vldbj,
  year = {2002},
  volume = {11},
  pages = {28--46},
  number = {1},
}

@article {SAX,
   author = {Lin, Jessica and Keogh, Eamonn and Wei, Li and Lonardi, Stefano},
   title = {{Experiencing SAX: a novel symbolic representation of time series}},
   journal = {Data Mining and Knowledge Discovery},
   pages = {107-144},
   volume = {15},
   number = {2},
   year = {2007}
}

@article{Korn:1997:ESA:253262.253332,
 author = {Korn, Flip and Jagadish, H. V. and Faloutsos, Christos},
 title = {{Efficiently supporting ad hoc queries in large datasets of time sequences}},
 journal = sigmodrecord,
 volume = {26},
 number = {2},
 year = {1997},
 pages = {289--300},
}

@article{DBLP:journals/jidm/TrainaTF10,
  author    = {Traina,Jr., Caetano and
               Agma J. M. Traina and
               Christos Faloutsos},
  title     = {{Fast Feature Selection using Fractal Dimension - Ten Years
               Later}},
  journal   = jidm,
  volume    = {1},
  number    = {1},
  year      = {2010},
  pages     = {17-20},
}

 @article{cit:indexDriven,
 author = {Hjaltason, Gisli R. and Samet, Hanan},
 title = {{Index-driven similarity search in metric spaces}},
 journal = tods,
 volume = {28},
 number = {4},
 year = {2003},
 pages = {517--580},
 }


@article{LSHClustering1,
 author = {Hisashi Koga ,Tetsuo Ishibashi, Toshinori Watanabe},
 title = {{Fast Hierarchical Clustering Algorithm Using Locality-Sensitive Hashing}},
 journal = {Discovery Science},
 volume = {12},
 number = {1},
 year = {2004},
 pages = {155-182}
 }

@article{LSHClustering2,
 author = {Hisashi Koga, Tetsuo Ishibashi, Toshinori Watanabe},
 title = {{Fast agglomerative hierarchical clustering algorithm using Locality-Sensitive Hashing}},
 journal = {Knowledge and Information Systems},
 volume = {12},
 number = {1},
 year = {2007},
 issn = {0362-5915},
 pages = {25-53}
}


 @article{ScalingTimeSeriesQuerying,
 author = {Fu, Ada Wai-Chee and Keogh, Eamonn and Lau, Leo Yung and Ratanamahatana, Chotirat Ann and Wong, Raymond Chi-Wing},
 title = {{Scaling and time warping in time series querying}},
 journal = vldbj,
 volume = {17},
 number = {4},
 year = {2008},
 pages = {899--921},
 }

@ARTICLE{Gaede98multidimensional,
 author  = {Volker Gaede and Oliver Gunther},
 title   = {{Multidimensional Access Methods}},
 year    = {1998},
 journal = computingsurveys,
 volume  = {30},
 number  = {2},
 pages   = {170--231},
}

@article{SlimTree,
 author = { Traina C., Jr. and Agma Traina and Christos Faloutsos and Bernhard Seeger},
 title = {{Fast Indexing and Visualization of Metric Data Sets using Slim-Trees}},
 journal = tkde,
 volume = {14},
 number = {2},
 year = {2002},
 pages = {244--260},
 }


@article{taoLSBLSH,
 author = {Tao, Yufei and Yi, Ke and Sheng, Cheng and Kalnis, Panos},
 title = {{Efficient and accurate nearest neighbor and closest pair search in high-dimensional space}},
 journal = tods,
 volume = {35},
 number = {3},
 year = {2010},
 pages = {1--46},
 }

@article{Ding:2008:QMT:1454159.1454226,
 author = {Ding, Hui and Trajcevski, Goce and Scheuermann, Peter and Wang, Xiaoyue and Keogh, Eamonn},
 title = {{Querying and mining of time series data: experimental comparison of representations and distance measures}},
 journal = pvldb,
 volume = {1},
 number = {2},
 year = {2008},
 pages = {1542--1552},
}

@article{cite:graycodes,
 author = {Faloutsos, Christos},
 title = {{Multiattribute hashing using Gray codes}},
 journal = sigmodrecord,
 volume = {15},
 number = {2},
 year = {1986},
 pages = {227--238},
}


@ARTICLE{cit:avez99searching,
  author = {Edgar Ch\'{a}vez and Gonzalo Navarro and Ricardo Baeza-Yates and
  Jos\'{e} Luis Marroqu\'{\i}n},
  title = {{Searching in metric spaces}},
  journal = computingsurveys,
  year = {2001},
  volume = {33},
  pages = {273--321},
  number = {3},
}

@article{KeoghSigmod2001,
 author = {Keogh, Eamonn and Chakrabarti, Kaushik and Pazzani, Michael and Mehrotra, Sharad},
 title = {{Locally adaptive dimensionality reduction for indexing large time series databases}},
 journal = sigmodrecord,
 volume = {30},
 number = {2},
 year = {2001},
 pages = {151--162},
}


@inproceedings{WhatsWrong,
  author = {Stephen Blott and Roger Weber},
  title = {What's Wrong with High-Dimensional Similarity Search},
  booktitle = vldb,
  year = {2008},
  address = {Aukland, New Zealand},
  pages = {3--3}
 }

@article{aleman_high_dimensional,
 author = {Christian B\"{o}hm and Stefan Berchtold and Daniel A. Keim},
 title = {{Searching in high-dimensional spaces: Index structures for improving the performance of multimedia databases}},
 journal = computingsurveys,
 volume = {33},
 number = {3},
 year = {2001},
 pages = {322--373},
}


@article{hashing_algoritghms_survey,
 author = {Alexandr Andoni and Piotr Indyk},
 title = {{Near-optimal hashing algorithms for approximate nearest neighbor in high dimensions}},
 journal = cacm,
 volume = {51},
 number = {1},
 year = {2008},
 pages = {117--122},
}

@article{rstartree,
 author = {Norbert Beckmann and Hans-Peter Kriegel and Ralf Schneider and Bernhard Seeger},
 title = {{The R*-tree: an efficient and robust access method for points and rectangles}},
 journal = sigmodrecord,
 volume = {19},
 number = {2},
 year = {1990},
 pages = {322--331},
}

@article{kdt,
 author    = {Jon Louis Bentley},
 title     = {{Multidimensional Binary Search Trees in Database Applications.}},
 journal   = tse,
 volume    = {5},
 number    = {4},
 year      = {1979},
 pages     = {333-340},

}

@inbook{citeulike:Bellman,
    author = {Bellman, Richard E.},
    chapter = {(A RAND Corporation Research Study)},
    pages = {255-260},
    title = {Adaptive control processes - A guided tour},
    publisher = {Princeton University Press},
    year = {1961},
    volume = {1961},
}

@inbook{cit:clarkson_nn_survey,
   title = {{Nearest-Neighbor Methods for Learning and Vision: Theory and Practice}},
   chapter = {{Nearest-Neighbor Searching and Metric Space Dimensions}},
   publisher = {MIT Press},
   year = {2006},
   pages = {15--59},
   author = {Kenneth L. Clarkson}
}


@book{citeulike:spaceFillingCurves,
    title = {{Space-Filling Curves}},
    publisher = {Springer-Verlag},
    year = {1994},
    author = {Sagan, Hans},
    address = {New York},
    isbn = {0-387-94265-3}
}

@book{Tan:2005:IDM:1095618,
 author = {Tan, Pang-Ning and Steinbach, Michael and Kumar, Vipin},
 title = {{Introduction to Data Mining, (First Edition)}},
 year = {2005},
 isbn = {0321321367},
 publisher = {Addison-Wesley Longman Publishing Co., Inc.},
 address = {Boston, MA, USA},
} 



@article{NNinLearningandVision,
 author = {Liu, Ting and Moore, Andrew W. and Gray, Alexander},
 title = {New Algorithms for Efficient High-Dimensional Nonparametric Classification},
 journal = {Journal of Machine Learning Research},
 volume = {7},
 year = {2006},
 issn = {1532-4435},
 pages = {1135--1158},
 publisher = {JMLR.org},
} 


@inproceedings {springerlink:metwally,
   author = {Metwally, Ahmed and Agrawal, Divyakant and Abbadi, Amr},
   title = {{Efficient Computation of Frequent and Top-k Elements in Data Streams}},
   booktitle = icdt,
   pages = {398-412},
   volume = {3363},
   year = {2005}
}




@article{KeoghTutorial,
 author =       {Eamonn Keogh },
 title =        {{Data Mining and Machine Learning in Time Series Databases (Tutorial)}},
 booktitle = ecml,
 year =         {2003},
 address = {Cavtat-Dubrovnik, Croatia}
}

@PhdThesis{Val08a,
  author       = "Valle, Eduardo.",
  title        = "Local descriptor matching for image identification systems",
  school       = "Universit� de Cergy-Pontoise",
  year         = "2008",
  type         = "PhD thesis",
  address = "France"
}
 


@inproceedings{MrMotif,
  title={{Multiresolution Motif Discovery in Time Series}},
  author={Castro, N. and Azevedo, P.},
  booktitle={Proceedings of the SIAM International Conference on Data Mining},
  address = {Columbus, Ohio, USA},
  year={2010},
  pages={665--676}
}



@proceedings{citeulike:3978028,
    title = {{Detecting Subdimensional Motifs: An Efficient Algorithm for Generalized Multivariate Pattern Discovery}},
    author = {Minnen, D. and Isbell, C. and Essa, M. and Starner, T.},
    booktitle = icdm,
    address = {Omaha NE, USA},
    pages = {601--606},
    year = {2007}
}


@article{GPGPU-Survey,
    address = {University of California},
    author = {Owens J.,, Luebke D.,,  Govindaraju N.,, Harris M.,,  KrugerJ.,, Lefohn  A.E.,, and  Purcell},
    journal = {Computer Graphics Forum},
    number = {1},
    pages = {80--113},
    publisher = {Blackwell Publishing Ltd},
    title = {{A Survey of General-Purpose Computation on Graphics Hardware}},
    volume = {26},
    year = {2007}
}



@inbook{cudaBook,
 author = {Kirk and W. Hwu},
 chapter = {{CUDA Threads}},
 pages = {59-74},
 title = {{Programming Massively Parallel Processors: A Hands-on Approach}},
 year = {2010},
 publisher = {Elsevier Inc.}
}

 @inbook{LSHBook,
 chapter = {{Locality-Sensitive Hashing Using Stable Distributions}},
 pages = {55--67},
 author = {Shakhnarovich, Gregory and Darrell, Trevor and Indyk, Piotr},
 title = {{Nearest-Neighbor Methods in Learning and Vision: Theory and Practice}},
 year = {2006},
 publisher = {The MIT Press},
}

@INPROCEEDINGS{lshhashfile,
author={Dongxiang Zhang and Agrawal, D. and Gang Chen and Tung, A.K.H.},
title={{HashFile: An efficient index structure for multimedia data}},
booktitle= icde,
year={2011},
pages={1103 -1114},
address={Hannover, Germany}
}

@inproceedings{lsh,
 author = {Datar, Mayur and Immorlica, Nicole and Indyk, Piotr and Mirrokni, Vahab S.},
 title = {Locality-sensitive hashing scheme based on p-stable distributions},
 booktitle = {Proceedings of the Twentieth annual Symposium on Computational Geometry},
 year = {2004},
 pages = {253--262},
 address = {Brooklyn, New York, USA}
 }
 @inproceedings{modelinglsh,
 author = {Dong, Wei and Wang, Zhe and Josephson, William and Charikar, Moses and Li, Kai},
 title = {Modeling {L}{S}{H} for performance tuning},
 booktitle = cikm,
 year = {2008},
 pages = {669--678},
 address = {Napa Valley, California, USA}
}
 @inproceedings{lshforest,
 author = {Bawa, Mayank and Condie, Tyson and Ganesan, Prasanna},
 title = {{L}{S}{H} forest: self-tuning indexes for similarity search},
 booktitle = {Proceedings of the 14th international conference on World Wide Web},
 year = {2005},
 pages = {651--660},
 address = {Chiba, Japan}
 }

@inproceedings{Indyk:1998:ANN:276698.276876,
 author = {Indyk, Piotr and Motwani, Rajeev},
 title = {Approximate nearest neighbors: towards removing the curse of dimensionality},
 booktitle = {Proceedings of the thirtieth annual ACM symposium on Theory of computing},
 year = {1998},
 location = {Dallas, Texas, United States},
 pages = {604--613}, 
 address = {New York, NY, USA},
}
 
%%%%%%%%  hereinafter revisar %%%%%%%%%%%%%%%
@INPROCEEDINGS{kNNUsingCUDA,
author={Garcia, V. and Debreuve, E. and Barlaud, M.},
booktitle= cvpr,
title={{Fast k nearest neighbor search using GPU}},
year={2008},
pages={1 -6},
address = {Anchorage, UK, USA}
}

@article{Zhou:2008:RKC:1409060.1409079,
 author = {Zhou, Kun and Hou, Qiming and Wang, Rui and Guo, Baining},
 title = {Real-time KD-tree construction on graphics hardware},
 journal = {ACM Transactions on Graphics},
 volume = {27},
 number = {5},
 year = {2008},
 pages = {126:1--126:11},
 }

@INPROCEEDINGS{Wu:2009:CBD:1531666.1531668,
 author = {Wu, Ren and Zhang, Bin and Hsu, Meichun},
 title = {{Clustering billions of data points using GPUs}},
 booktitle = {Proceedings of the combined workshops on UnConventional high performance computing workshop plus memory access workshop},
 year = {2009},
 pages = {1--6},
 address = {New York, NY, USA},
} 


@INPROCEEDINGS {springerlink:10.1007/978,
   author = {Charles, Jesse and Potok, Thomas and Patton, Robert and Cui, Xiaohui},
   title = {{Flocking-based Document Clustering on the Graphics Processing Unit}},
   booktitle = {Proceedings  of the International Workshop on Nature Inspired Cooperative Strategies for Optimization},
   pages = {27-37},
   volume = {129},
   year = {2008}
}

@article{Che:2008:PSG:1412749.1412827,
 author = {Che, Shuai and Boyer, Michael and Meng, Jiayuan and Tarjan, David and Sheaffer, Jeremy W. and Skadron, Kevin},
 title = {{A performance study of general-purpose applications on graphics processors using CUDA}},
 journal = {Journal of Parallel and Distributed Computing},
 volume = {68},
 year = {2008},
 pages = {1370--1380},
 publisher = {Academic Press, Inc.},
 address = {Orlando, FL, USA}
} 

@article {MEME,
   author = {Bailey, Timothy L. and Elkan, Charles},
   title = {Unsupervised learning of multiple motifs in biopolymers using expectation maximization},
   journal = {Machine Learning},
   publisher = {Springer Netherlands},
   keyword = {Computer Science},
   pages = {51-80},
   volume = {21},
   year = {1995}
}
@article{cudameme,
 author = {Liu, Yongchao and Schmidt, Bertil and Liu, Weiguo and Maskell, Douglas L.},
 title = {{CUDA-MEME: Accelerating motif discovery in biological sequences using CUDA-enabled graphics processing units}},
 journal = {Pattern Recognition Letters},
 volume = {31},
 year = {2010},
 pages = {2170--2177},
 publisher = {Elsevier Science Inc.},
 address = {New York, NY, USA}
} 

@article{Guttman1984,
 author = {Guttman, Antonin},
 title = {R-trees: a dynamic index structure for spatial searching},
 journal = sigmodrecord,
 volume = {14},
 year = {1984},
 pages = {47--57},
 publisher = {ACM}
} 


@inproceedings{5607480, 
author={Shenshen Liang and Ying Liu and Cheng Wang and Liheng Jian}, 
booktitle={Proceedings of IEEE 2nd Symposium on Web Society}, 
title={{Design and evaluation of a parallel k-nearest neighbor algorithm on CUDA-enabled GPU}}, 
year={2010}, 
pages={53-60}, 
address = {Beijing, China}
}


@inproceedings{Govindaraju:2006:GHP:1142473.1142511,
 author = {Govindaraju, Naga and Gray, Jim and Kumar, Ritesh and Manocha, Dinesh},
 title = {{GPUTeraSort: high performance graphics co-processor sorting for large database management}},
 booktitle = sigmod,
 year = {2006},
 pages = {325--336},
 address = {New York, NY, USA}
} 

@inproceedings{DBLP:conf/sigmod/GovindarajuLWLM04,
  author    = {Naga K. Govindaraju and
               Brandon Lloyd and
               Wei Wang 0010 and
               Ming C. Lin and
               Dinesh Manocha},
  title     = {Fast Computation of Database Operations using Graphics Processors},
  booktitle = sigmod,
  year      = {2004},
  pages     = {215-226},
  address = {New York, NY, USA},
}


@inproceedings{Mueen:2010:ODM:1835804.1835941,
 author = {Mueen, Abdullah and Keogh, Eamonn},
 title = {Online discovery and maintenance of time series motifs},
 booktitle = kdd,
 year = {2010},
 pages = {1089--1098}, 
 address = {New York, NY, USA}
} 

@INPROCEEDINGS{Liu04aninvestigation,
    author = {Ting Liu and Andrew W. Moore and Alexander Gray and Ke Yang},
    title = {An investigation of practical approximate nearest neighbor algorithms},
    booktitle = { In proceedings of Neural Information Processing Systems },
    year = {2004},
    pages = {825--832},
    address = {Vancouver, BC, Canada}
}

%%%%%%%%%%%%%%%%%%%%
@inproceedings{citeulike:7399806,
    author = {Wang, Jun and Kumar, Sanjiv and Chang, Shih-Fu},
    booktitle = cvpr,
    title = {{Semi-Supervised Hashing for Scalable Image Retrieval}},
    year = {2010},
    pages = {3424 -3431},
    address = {San Francisco, USA}
}

%% here and after

@INPROCEEDINGS{5459466,
author={Kulis, B. and Grauman, K.}, 
booktitle= iccv, 
title={Kernelized locality-sensitive hashing for scalable image search}, 
year={2009}, 
pages={2130 -2137}, 
address = {Kyoto, Japan}
}

@INPROCEEDINGS{Metwally05efficientcomputation,
    author = {Ahmed Metwally and Divyakant Agrawal and Amr El Abbadi},
    title = { Efficient Computation of Frequent and Top-k Elements in Data Streams},
    booktitle = icdt,
    year = {2005},
    pages = {398--412},
   address = {Edinburgh, Scotland}
}

@ARTICLE{tesla,
author={Lindholm, E. and Nickolls, J. and Oberman, S. and Montrym, J.},
journal={Micro, IEEE},
title={NVIDIA Tesla: A Unified Graphics and Computing Architecture},
year={2008},
volume={28},
pages={39 -55},
}


@article{CUDA,
 author = {Nickolls, John and Buck, Ian and Garland, Michael and Skadron, Kevin},
 title = {{Scalable Parallel Programming with CUDA}},
 journal = {Queue},
 volume = {6},
 year = {2008},
 pages = {40--53},
 publisher = {ACM},
 address = {New York, NY, USA},
} 


@ARTICLE{OPENCL, 
author={Stone, J.E. and Gohara, D. and Guochun Shi}, 
journal={Computing in Science Engineering}, 
title={{OpenCL: A Parallel Programming Standard for Heterogeneous Computing Systems}}, 
year={2010}, 
volume={12}, 
pages={66 -73}, 
}

@inproceedings{icdefastjoin, 
author = {Lieberman, M.D. and Sankaranarayanan, J. and Samet, H.}, 
booktitle = icde, 
title = {{A Fast Similarity Join Algorithm Using Graphics Processing Units}}, 
year = {2008}, 
pages = {1111-1120}, 
address = {Canc�n, Mexico}
}



@inbook{GPUDataMining1,
 author = {B\"{o}hm, Christian and Noll, Robert and Plant, Claudia and Wackersreuther, Bianca and Zherdin, Andrew},
 chapter = {{Data Mining Using Graphics Processing Units}},
 title = {Transactions on Large-Scale Data- and Knowledge-Centered Systems I},
 year = {2009},
 pages = {63--90},
 volume = {5740},
 publisher = {Springer-Verlag},
 address = {Berlin, Heidelberg},
} 


@inproceedings{ParallelMotif,
 author = {Narang, Ankur and Bhattacherjee, Souvik},
 title = {Parallel exact time series motif discovery},
 booktitle = {Proceedings of the international Euro-Par conference on Parallel processing},
 year = {2010},
 pages = {304--315},
 publisher = {Springer-Verlag},
 address = {Berlin, Heidelberg}
} 



@incollection{Fayyad:1996:DMK:257938.257942,
 author = {Fayyad, Usama M. and Piatetsky-Shapiro, Gregory and Smyth, Padhraic},
 title = {From data mining to knowledge discovery: an overview},
 booktitle = {Advances in knowledge discovery and data mining},
 year = {1996},
 pages = {1--34},
 publisher = {American Association for Artificial Intelligence},
}

@book{Aho:72,
    author  = {Alfred V. Aho and Jeffrey D. Ullman},
    title   = {The Theory of Parsing, Translation and Compiling},
    year    = "1972",
    volume  = "1",
    publisher = {Prentice-Hall},
    address = {Englewood Cliffs, NJ}
}

@book{APA:83,
    author  = {{American Psychological Association}},
    title   = {Publications Manual},
    year    = "1983",
   publisher = {American Psychological Association},
   address = {Washington, DC}
}

@article{ACM:83,
	author = {Association for Computing Machinery},
	year = "1983",
	journal = {Computing Reviews},
	volume = "24",
	number = "11",
	pages = "503--512"
}

@article{Chandra:81,
	author = {Ashok K. Chandra and Dexter C. Kozen and Larry J. Stockmeyer},
	year = "1981",
	title = {Alternation},
	journal = {Journal of the Association for Computing Machinery},
	volume = "28",
	number = "1",
	pages = "114--133",
	doi = "10.1145/322234.322243",
}

@book{Gusfield:97,
    author  = {Dan Gusfield},
    title   = {Algorithms on Strings, Trees and Sequences},
    year    = "1997",
    publisher = {Cambridge University Press},
    address = {Cambridge, UK}
}

@InProceedings{P16-1001,
  author =	"Goodman, James
  	 and Vlachos, Andreas
	     and Naradowsky, Jason",
  title =    "Noise reduction and targeted exploration in imitation learning for      Abstract Meaning Representation parsing    ",
  booktitle = 	    "Proceedings of the 54th Annual Meeting of the Association for      Computational Linguistics (Volume 1: Long Papers)    ",
  year =    "2016",
  publisher =	"Association for Computational Linguistics",
  pages =   "1--11",
  location =	"Berlin, Germany",
  doi =    "10.18653/v1/P16-1001",
  url =    "http://aclweb.org/anthology/P16-1001"
}

@InProceedings{C14-1001,
  author =	"Harper, Mary",
  title = 	"Learning from 26 Languages: Program Management and Science in the Babel Program",
  booktitle = 	"Proceedings of COLING 2014, the 25th International Conference on Computational Linguistics: Technical Papers",
  year =    "2014",
  publisher =	"Dublin City University and Association for Computational Linguistics",
  pages =   "1",
  location =	"Dublin, Ireland",
  url =    "http://aclweb.org/anthology/C14-1001"
}
@inproceedings{jegou2012anti,
  title={Anti-sparse coding for approximate nearest neighbor search},
  author={J{\'e}gou, Herv{\'e} and Furon, Teddy and Fuchs, Jean-Jacques},
  booktitle={Acoustics, Speech and Signal Processing (ICASSP), 2012 IEEE International Conference on},
  pages={2029--2032},
  year={2012},
  organization={IEEE}
}
@article{sablayrolles2016should,
  title={How should we evaluate supervised hashing?},
  author={Sablayrolles, Alexandre and Douze, Matthijs and J{\'e}gou, Herv{\'e} and Usunier, Nicolas},
  journal={arXiv preprint arXiv:1609.06753},
  year={2016}
}